3775 5442
653 652 740 710 iaiber
759 655 874 713 tertius.
917 651 1017 711 &ano
1040 649 1089 715 ΙΙΙ.
1351 648 1416 712 827

331 825 529 904 mysticorum
567 824 696 908 somniis
731 833 878 904 occupata
905 826 943 886 sd
976 826 1113 887 dlvlnnm
1141 844 1219 904 opus
1247 824 1411 903 legendum

330 928 505 999 nocuerit,
528 926 565 1002 is,
587 928 616 987 si
636 928 730 988 modo
753 928 884 1005 aliquam
902 927 1016 991 alferat
1032 929 1183 991 historiae
1196 925 1413 1007 philosophias

331 1030 537 1108 cognitionem
560 1030 777 1104 etscientlsm‚
800 1050 837 1090 ex
858 1031 927 1110 ipso
951 1051 1054 1092 rernm
1077 1036 1278 1091 tractatarum
1301 1029 1413 1091 ordlns

330 1134 500 1213 intelliget,
535 1132 609 1212 qnid
636 1133 678 1193 sit
706 1134 829 1212 dequo
852 1136 982 1214 singulis
1005 1134 1292 1212 locisanqnlratur.
1335 1131 1412 1192 Nam

331 1236 429 1316 prima
450 1243 536 1298 certe
557 1237 746 1314 quaestionis
757 1236 979 1301 Parmenidene
997 1238 1158 1319 particula,
1179 1255 1239 1315 qne
1259 1235 1414 1314 discepta-

330 1348 384 1399 tnr
405 1340 446 1400 de
469 1341 537 1401 Uno
562 1339 694 1413 infinito,
718 1359 779 1400 non
802 1360 990 1421 magnopere
1013 1325 1201 1403 desideravit
1221 1338 1412 1402 delinitionis

330 1443 657 1522 circumscriptionem.
718 1443 847 1505 Fatetur
874 1445 956 1505 enim
985 1445 1184 1506 Parmenides
1211 1459 1246 1504 se
1274 1440 1412 1523 disputa-

330 1546 418 1607 tione
439 1546 479 1607 ad
509 1564 614 1607 rernm
643 1547 854 1626 cogitabilium
882 1549 1095 1626 quaestionem
1116 1546 1258 1608 traducta
1280 1547 1321 1607 de
1343 1546 1411 1607 Uno

330 1666 388 1708 sno
411 1668 482 1709 esse
504 1651 725 1726 expositurum.
760 1650 849 1729 Quod
873 1651 965 1729 quale
985 1650 1181 1724 informetur,
1204 1668 1240 1710 er
1260 1650 1310 1723 ils,
1333 1666 1437 1727 quss‘

328 1751 481 1830 deinceps
503 1750 711 1827 disseruntur,
732 1753 816 1814 haud
839 1753 1009 1815 diillculter
1031 1753 1225 1834 intelligitur.
1252 1751 1413 1813 Pateiaoto

327 1861 437 1913 autem
465 1856 562 1916 totins
590 1855 779 1933 quaestionis
806 1857 958 1936 principio
986 1876 1025 1916 ne
1049 1855 1131 1916 iliud
1153 1856 1278 1936 quidem
1301 1855 1412 1916 obson-

327 1976 403 2017 rum
429 1974 555 2016 manere
586 1959 703 2036 potuit,
738 1960 829 2037 quate
855 1967 940 2022 esset
969 1952 1008 2021 τὸ
1036 1959 1071 2021 ἓν
1098 1950 1153 2024 ὅν.
1189 1959 1239 2021 cui
1266 1957 1412 2039 quonism

329 2063 424 2139 plane
451 2060 604 2119 contraria
634 2070 727 2139 atque
755 2061 864 2124 unitstl
890 2063 1030 2123 inlinitse
1057 2062 1290 2136 adscribuntur,
1319 2062 1412 2124 iacils

330 2162 516 2240 intelligitur
537 2163 655 2223 linitam
678 2164 826 2226 rationem
849 2167 956 2240 tribui,
978 2184 1024 2226 exa
1037 2183 1097 2245 qna
1118 2167 1274 2246 prodeunt
1289 2165 1412 2245 species
1498 2197 1512 2229 a

331 2267 404 2325 illae
430 2265 488 2326 snb
519 2266 606 2327 nnius
634 2269 728 2328 animi
756 2276 849 2348 atque
875 2269 988 2330 mentis
1014 2269 1111 2330 seltnl
1138 2274 1338 2349 conspectum
1361 2287 1411 2330 cs-

333 2372 454 2442 dentes‚
478 2388 552 2447 quas
574 2369 713 2431 idearum
735 2373 860 2434 nomine
881 2371 1052 2433 celebrates
1075 2391 1145 2434 esse
1166 2375 1317 2435 norimus.
1352 2371 1411 2435 His

332 2479 436 2532 antem
457 2479 543 2531 recte
565 2475 720 2552 perceptis
748 2476 817 2554 quis
845 2480 894 2536 est
919 2475 992 2554 quin
1022 2476 1141 2555 reliqua
1163 2476 1264 2537 omnia
1286 2495 1322 2536 ex
1343 2475 1412 2556 ipse

332 2573 524 2636 rumonus
562 2577 829 2656 argumentatione
872 2578 959 2638 nullo
1000 2576 1068 2637 iere
1105 2579 1231 2657 negotio
1267 2578 1413 2658 cognosci

332 2696 427 2760 posse
448 2683 558 2758 sponte
580 2680 759 2741 concedat?
780 2681 880 2759 Quum
902 2698 976 2741 vero
998 2680 1076 2740 haec
1096 2698 1159 2740 non
1180 2681 1305 2742 omnino
1328 2680 1413 2741 dilli-
1482 2697 1484 2700 ’

332 2784 404 2846 cilis
426 2764 489 2844 sint
510 2783 682 2856 intellectu,
705 2789 770 2841 tum
793 2783 866 2862 quid
890 2782 931 2842 de
952 2785 1019 2842 ruit»
1041 2784 1159 2865 ἐτέρων
1180 2782 1245 2842 slve
1268 2785 1333 2843 τῶν
1355 2775 1413 2843 ἄλ-

335 2887 402 2948 λων
428 2886 557 2947 notione
585 2884 779 2945 informanda
808 2886 849 2948 sit
885 2883 1099 2958 statuentium,
1135 2904 1171 2944 ex
1199 2885 1412 2964 oppositorum

334 2989 454 3050 ratione
476 2997 509 3051 et
530 2998 639 3050 natura
661 2990 798 3067 colligas.
864 2988 971 3068 Neque
993 3006 1045 3060 ea,
1069 3006 1148 3067 qnae
1169 2987 1210 3049 de
1231 2987 1357 3048 unitatis
1380 3006 1416 3048 ac

332 3099 509 3155 ceterorum
532 3092 759 3153 necessitudine
780 3096 813 3152 ct
834 3092 1048 3153 coniunctione
1070 3093 1226 3172 disputata
1248 3081 1329 3165 sunt,
1351 3097 1415 3152 tam

311 3204 457 3275 ¹retrusa
477 3203 550 3258 sunt
572 3201 604 3256 et
625 3195 820 3268 sbscondits‚
850 3199 884 3256 nt
905 3197 957 3275 qni
981 3197 1163 3275 placitorum
1184 3196 1414 3258 Platonicorum

332 3300 382 3360 rel
410 3298 596 3360 mediocrem
625 3297 736 3359 habeat
763 3301 919 3374 notitiam,
950 3320 1011 3362 non
1034 3307 1126 3379 queat
1147 3300 1299 3370 divinare,
1334 3313 1413 3376 quaa

333 3405 375 3465 sit
405 3420 513 3462 eorum
541 3401 585 3461 ris
612 3421 647 3461 ac
674 3402 876 3480 significatio,
911 3405 1091 3481 praesertim
1121 3421 1214 3482 qntrm
1245 3400 1294 3459 lrlc
1322 3409 1414 3478 atque

333 3507 398 3568 illic
420 3525 458 3567 ea
478 3507 619 3583 inspersa
640 3505 851 3584 reperiantur,
881 3524 960 3583 quiae
989 3507 1026 3565 ad
1052 3524 1156 3566 verum
1179 3502 1412 3583 significandum

334 3611 417 3671 nand
438 3628 547 3689 parum
569 3609 697 3669 valeant.
757 3607 819 3666 Sed
842 3606 984 3667 nolumus
1008 3608 1083 3669 haec
1106 3608 1236 3670 ulterius
1257 3605 1414 3685 persequi,

335 3714 480 3793 quonism
509 3713 552 3771 ita
579 3712 675 3772 totius
703 3710 775 3770 iibri
802 3716 1016 3790 argumentum
1039 3713 1140 3772 denno
1163 3707 1414 3792 pertractandum

334 3818 429 3880 ioret.
473 3815 556 3876 Satis
578 3814 648 3888 erit,
671 3819 706 3874 nt
727 3831 831 3892 spero,
853 3814 959 3894 paucis
982 3815 1212 3895 significarim,
1236 3831 1292 3873 cnr
1312 3810 1414 3889 philo-

334 3921 453 4002 sopltns
480 3920 529 3978 vel
558 3919 679 3980 omissis
701 3919 861 3980 notionum
891 3918 1103 3997 primariorum
1126 3915 1358 3978 delinitionibus
1379 3930 1415 3976 se

335 4027 374 4087 ab
397 4023 573 4104 legentibus
594 4023 784 4083 intellectum
806 4023 845 4082 irl
866 4031 953 4082 recte
974 4040 1102 4101 sperare
1123 4021 1269 4100 potuerit.
1322 4017 1414 4097 Quod

335 4146 409 4189 vero
432 4144 490 4207 per
511 4131 559 4187 tot
586 4127 707 4186 saecula
736 4126 774 4185 ab
801 4125 978 4186 hominibus
1002 4123 1217 4185 eruditissimis
1239 4140 1301 4183 uon
1322 4121 1415 4182 intel·
1538 4189 1545 4209 ι

336 4236 436 4294 leatus
459 4236 517 4305 est,
540 4231 653 4290 illustri
674 4230 815 4309 exemplo
837 4230 909 4290 irinc
930 4230 1053 4288 discere
1076 4228 1160 4298 licet,
1190 4243 1279 4304 quam
1301 4225 1415 4285 densas

336 4337 484 4416 caligines
514 4337 626 4395 mentis
654 4336 749 4394 veluti
776 4334 874 4394 oculis
902 4331 1068 4393 oiinndant
1096 4330 1321 4410 praeiudicatae
1349 4328 1416 4406 opi·

336 4442 463 4513 uinces,
499 4440 550 4499 ubl
579 4441 665 4518 prins
695 4438 903 4517 quaerendum
937 4442 1000 4508 cst,
1037 4433 1111 4513 quid
1137 4434 1180 4507 is,
1216 4449 1306 4511 quem
1340 4429 1416 4491 veiis

336 4544 551 4624 interpretari,
586 4542 735 4614 senserit,
774 4560 862 4620 qnam
893 4538 967 4617 quid
990 4538 1058 4618 lpse
1094 4538 1218 4609 sentias,
1263 4533 1416 4614 explican-
