3775 5442
651 633 737 694 Liber
758 634 909 694 munina.
955 632 1066 695 Seetio'
1077 633 1100 696 Ι.
1281 610 1283 615 Α
1352 632 1415 700 tit

329 804 421 880 lieet,
448 805 528 868 haue
553 804 652 869 initae
680 805 774 869 etiam
802 806 933 869 aliorum
966 806 1057 869 iatine
1084 805 1222 869 similite
1252 807 1415 871 aleatorum

329 911 520 971 coutentium.
583 910 661 971 Nam
680 909 847 971 'Platonici
878 910 1090 985 repentium,
1124 927 1186 987 qua
1217 908 1414 974 decretorum

328 1023 469 1073 auoram'
484 1013 647 1073 veritatem
676 1010 825 1073 uivereua
856 1012 1017 1075 doetrinae
1038 1012 1234 1075 christianae
1255 1020 1416 1092 praeatau⁴

326 1116 403 1176 tium
424 1121 596 1189 tuerentur,
618 1114 730 1177 rimilia
759 1115 788 1176 ei
810 1117 922 1194 plaeitn
950 1117 1203 1198 excogitaverunt
1224 1117 1417 1196 maximeque

325 1217 412 1280 ltrme
433 1215 472 1279 de
493 1218 563 1279 Uno
584 1219 687 1280 lueum
716 1219 848 1281 miriiiee
868 1220 1113 1280 celebraverunt.
1164 1219 1263 1298 Quem
1291 1220 1416 1300 quidem

326 1319 373 1380 ita
394 1324 565 1381 tractarunt
586 1326 620 1380 et
640 1321 892 1397 immutaverunt,
913 1329 1009 1383 uteo
1031 1319 1072 1381 ad
1092 1319 1228 1382 triadem
1248 1323 1417 1404 principiu-

326 1439 411 1494 rum,
434 1440 524 1500 quam
546 1423 736 1498 statuebant,
759 1424 972 1487 abuterentur.
1039 1423 1116 1485 Nam
1137 1425 1282 1505 plerique
1309 1445 1417 1490 omnen

325 1525 519 1601 docueruut,
554 1541 573 1584 e
601 1527 730 1586 numine
757 1525 882 1604 divino,
923 1528 1026 1608 primu
1053 1527 1222 1608 principio,
1260 1530 1418 1611 prediiaae

325 1629 512 1702 eeouudum,
534 1628 684 1689 muudum
705 1628 950 1716 intelligibilem»,
973 1648 1065 1710 quem
1087 1631 1180 1692 etiam
1210 1634 1290 1694 νοῦν
1312 1634 1418 1713 uppel·

324 1730 413 1792 ltutr
435 1728 509 1791 inde
529 1731 732 1809 repetendam
755 1751 827 1796 erae
848 1732 1002 1812 originem
1024 1734 1144 1796 animae
1165 1732 1248 1795 hune
1267 1733 1418 1796 mudum

323 1832 384 1894 eei
411 1851 523 1892 senam
555 1832 719 1896 undantem
745 1830 924 1917 generentia
952 1843 1046 1916 atque
1071 1837 1273 1918 permeantir.
1330 1838 1416 1918 Quae

324 1935 458 2016 quidem
480 1936 583 1996 omnia
603 1939 764 1999 maximam
787 1945 873 2000 certe
893 1946 1015 2020 partem
1037 1958 1076 2001 ex
1095 1937 1289 2000 Parmenidia
1309 1939 1416 2003 Plato-

322 2039 387 2099 uiei
417 2043 601 2117 argumento
631 2039 725 2102 dueta
749 2059 821 2104 eane
858 2060 921 2105 uun
954 2043 1160 2117 dubitabunt,
1205 2043 1258 2121 qui
1292 2049 1413 2105 attento

324 2142 429 2202 anime
452 2139 610 2202 Plotinum
631 2143 768 2208 unaue.
790 2144 841 2207 vt.
863 2146 919 2208 ltu.
941 2145 997 2209 DL
1026 2165 1057 2228 p.
1079 2147 1153 2211 760.
1175 2145 1225 2208 ltt.
1253 2144 1308 2206 lii.
1331 2144 1411 2209 Vltt.

322 2264 356 2326 p.
378 2242 453 2306 251.
481 2241 532 2304 Vl.
567 2246 620 2307 lib.
642 2246 679 2309 ΙΙ.
713 2265 745 2328 p.
769 2250 842 2310 6⁰8.
872 2250 912 2312 al.
954 2247 1160 2311 inmutatum
1192 2249 1239 2310 De
1268 2255 1413 2330 mynterr.

324 2351 461 2428 aegypt
490 2345 568 2410 vtlt.
596 2368 623 2412 o.
645 2351 675 2411 2.
707 2370 739 2432 p.
762 2351 834 2414 lua.
877 2349 1022 2413 Proetum
1042 2350 1197 2433 Theolug.
1219 2350 1340 2415 Platon.
1362 2352 1413 2416 111.

323 2470 356 2533 p.
378 2451 444 2515 14⁰
454 2468 522 2530 aqu.
564 2451 602 2515 11.
623 2471 650 2516 e.
674 2453 702 2514 1.
724 2474 754 2535 p.
777 2453 820 2516 85
833 2473 900 2535 aqq.
942 2452 1148 2516 Damaseium
1168 2452 1217 2516 ite
1237 2455 1411 2537 priueipiia,

325 2555 405 2621 elio!
434 2554 577 2634 legerint.
641 2556 689 2617 Ex
717 2556 779 2619 hoe
810 2559 908 2640 igitur
939 2563 1084 2638 tempore
1117 2559 1248 2639 mystice
1280 2577 1414 2640 regnare

325 2658 433 2739 eoepit
453 2657 547 2719 huius
568 2657 641 2720 iibri
662 2660 894 2740 interpretatio,
923 2661 985 2722 hoa
1014 2665 1063 2721 eat
1085 2679 1138 2736 ea,
1172 2678 1251 2739 quae
1278 2678 1341 2721 uon
1362 2678 1414 2722 ex-

324 2762 476 2844 plorent,
498 2759 574 2840 quid
595 2761 685 2823 Pluto
713 2763 781 2842 ipae
806 2764 840 2825 iu
866 2781 905 2824 eo
932 2763 1145 2842 expoauiaaet‚
1179 2761 1236 2824 eud
1257 2761 1415 2842 praeiudi-

326 2863 410 2926 otu
441 2863 636 2943 opinionibua
676 2882 715 2925 ex
756 2867 890 2927 obaeuro
932 2864 1066 2945 quoiam
1100 2881 1206 2925 rerum
1242 2863 1416 2925 divinarum

327 2953 428 3029 meu
448 2971 540 3047 atque
561 2966 666 3029 studia
689 2966 768 3030 ertia
788 2974 962 3049 regeretur.
1015 2966 1094 3029 Nam
1114 2965 1257 3029 Marinus
1278 2965 1340 3026 etei
1361 2965 1416 3028 eti·

323 3086 438 3133 verena
458 3069 603 3133 Proetum
625 3071 802 3148 contendit,
835 3070 1052 3133 Parmenidem
1079 3088 1142 3133 uou
1169 3087 1240 3131 enee
1260 3069 1417 3154 iuterpre-

324 3172 456 3235 ttutlum
477 3173 551 3259 περὶ
575 3174 684 3248 θεῶν,
712 3175 770 3236 aed
792 3175 867 3261 περὶ
888 3173 999 3250 ἰδεῶν,
1023 3174 1177 3255 aiquidem
1198 3172 1232 3234 id
1254 3170 1417 3236 Fabrieim

323 3274 475 3339 mutatu.
499 3274 554 3337 Gr.
576 3276 613 3338 T.
635 3277 685 3341 ΙΙΙ.
705 3298 736 3360 p.
747 3276 1005 3342 451=1tueu
1019 3276 1158 3342 Fischer.
1180 3283 1267 3341 reete
1285 3296 1303 3338 e
1319 3275 1418 3340 satta

325 3386 359 3442 et
379 3378 496 3442 Photio
519 3379 662 3461 collegit,
690 3400 748 3444 nee
774 3384 879 3463 potiua
908 3402 980 3444 eum
1000 3381 1147 3462 Meuagio
1175 3381 1215 3443 ad
1244 3380 1417 3459 Diogenem

325 3483 429 3546 hert.
453 3483 503 3546 tu.
524 3482 577 3547 58.
607 3483 646 3544 de
673 3485 741 3546 eola
772 3486 878 3566 operia
907 3483 1113 3563 inscriptione
1134 3482 1334 3564 cogitandum
1355 3489 1415 3560 eat,

324 3593 447 3650 tantm
474 3593 578 3648 temen
606 3587 811 3667 plurimorum
837 3588 933 3648 valuit
962 3586 1150 3661 auetoritaa,
1188 3593 1224 3648 ut
1245 3586 1299 3666 qui
1321 3585 1412 3657 riam,

325 3708 418 3770 quam
440 3689 488 3751 tut
509 3689 770 3770 mereaeieruut,
799 3709 909 3752 rurrue
931 3688 1125 3765 deseruerit,
1154 3691 1332 3752 noverimua
1359 3707 1415 3750 ne-

317 3793 451 3856 miaem.
493 3793 597 3871 Atque
617 3792 742 3856 maueiit
757 3794 893 3880 ‘mystice
912 3794 967 3855 iila
987 3792 1063 3854 libri
1083 3792 1300 3875 interpretatio
1318 3792 1418 3897 etianp

323 3896 366 3958 eti
386 3914 455 3971 eoa,
483 3895 537 3974 qui
559 3895 708 3958 dimouit
728 3898 824 3959 medii
846 3898 930 3972 aevi,
962 3896 1045 3979 quod
1068 3896 1130 3959 diei
1151 3898 1251 3969 uolet,
1273 3893 1415 3961 tenetur

323 3997 520 4079 uttqnitatta
540 3999 645 4061 atudia
665 3998 800 4081 primum
820 4001 853 4063 in
874 4002 973 4077 ltalia,
996 4001 1110 4063 delude
1131 4001 1164 4060 iu
1185 3999 1254 4060 aliie
1267 3998 1416 4078 Europe·

322 4104 422 4167 terrie
442 4101 703 4166 muneraverunt.
737 4102 897 4166 Mamilio·
918 4105 1045 4185 quidem
1066 4103 1203 4177 Fieinua‚
1226 4119 1317 4182 quem
1339 4116 1414 4160 eou-

322 4213 391 4271 aut
415 4207 596 4271 Pietouieae
622 4206 794 4287 eapieutiae
822 4204 961 4269 atuiium
988 4208 1044 4268 iiia
1070 4211 1175 4268 aetate
1201 4202 1343 4285 inprimi·
1364 4218 1416 4262 re·

322 4311 537 4388 eundumne,
559 4310 638 4372 eden
660 4328 723 4373 nen
747 4310 786 4371 eb
807 4309 863 4372 uta
878 4309 1107 4390 interpretandi
1128 4312 1251 4372 ratione
1271 4305 1415 4381 mut,

324 4417 365 4478 nt
385 4415 420 4478 iu
440 4414 504 4478 hoe
524 4432 668 4477 aermuue
688 4413 795 4476 nereio
818 4430 897 4493 quoe
918 4405 1041 4477 itunae
1060 4413 1231 4496 rapientiae
1248 4408 1416 4473 theream

323 4516 512 4583 meditor
532 4535 603 4579 enee
623 4517 787 4598 putaverit.
852 4515 931 4578 Nam
958 4517 992 4579 iu
1018 4518 1213 4599 praefatione
1239 4511 1419 4575 Parmenidi

321 4620 500 4703 praemiata
520 4619 565 4682 ita
586 4620 706 4682 aertbit.
756 4620 813 4697 „lu
834 4618 1030 4697 Parmenida,
1052 4622 1162 4702 inquit,
1186 4636 1310 4682 omnem
1330 4616 1420 4680 i’iete

1173 4723 1213 4784 ra
1503 4720 1563 4814 ι
