3775 5442
663 658 746 720 liber
768 664 887 740 primus.
931 662 1031 721 Sentio
1054 660 1088 723 ΙΙ.
1372 664 1411 729 bl

321 854 383 897 non
408 834 551 895 solemus
573 848 697 892 aerarum
719 833 811 892 iatum
834 833 971 895 iudicare
992 836 1059 895 eina
1081 834 1198 897 domini
1220 854 1304 912 ease,
1326 839 1413 899 cidus

320 939 461 1019 speeiem
485 934 515 995 ln
537 938 640 996 animo
663 924 858 996 informatam
880 946 1037 1010 tenemus,
1071 945 1124 998 aut
1146 938 1303 1001 dominum
1325 942 1412 1002 illum

321 1042 393 1103 talis
417 1039 519 1114 aemi,
542 1042 665 1119 qualem
687 1039 878 1100 solamente
901 1046 935 1099 et
962 1041 1148 1118 cogitatione
1169 1040 1328 1122 tingimus,
1356 1044 1413 1105 sed

320 1145 426 1206 ideam
458 1144 539 1203 sen-t
579 1141 618 1202 ad
657 1140 774 1203 domini
803 1142 904 1203 ideam
935 1143 1119 1219 referimus,
1154 1147 1223 1225 quia
1251 1148 1413 1225 generales

321 1246 490 1324 utriunque
512 1245 654 1305 notiones
673 1249 778 1307 mutua
796 1244 993 1305 continentur
1009 1249 1252 1323 necessitudine,
1279 1250 1412 1329 pariter-

322 1369 385 1429 que
420 1348 595 1422 dominum,
633 1347 755 1426 qualem
783 1344 880 1406 oculta
907 1348 1063 1425 uidemus,
1096 1351 1135 1413 ad
1161 1370 1256 1413 uuum
1278 1354 1412 1435 abquem

322 1472 449 1515 aereum
473 1444 633 1531 pertinere
653 1448 838 1523 iudicamus,
861 1453 1006 1527 quoniam
1023 1460 1131 1514 natura
1143 1455 1187 1515 lta
1200 1462 1411 1535 comparatum

324 1566 388 1630 eat,
426 1561 462 1616 ut
488 1572 541 1615 rea
567 1552 744 1614 individuae
766 1571 834 1612 cum
857 1554 952 1612 rubus
973 1554 1138 1618 individuis
1159 1559 1219 1618 ista
1241 1560 1410 1621 necessitu-

325 1662 397 1722 dine
420 1659 605 1720 coniunctae
633 1653 696 1716 alut
725 1661 818 1734 atque
840 1656 1011 1732 copulatae.
1055 1658 1142 1735 Quae
1163 1658 1190 1719 al
1211 1678 1285 1721 uere
1306 1663 1412 1743 dispu.

324 1770 389 1824 tata
411 1768 502 1836 aunt,
525 1765 763 1823 cousentaneum
788 1763 851 1829 eat,
875 1774 914 1816 nc
935 1757 1082 1821 scientiae
1101 1761 1226 1841 quidem
1237 1759 1327 1822 aliam
1342 1782 1412 1825 esse

326 1867 489 1928 rationem.
534 1863 611 1925 Nam
632 1864 674 1923 ita
695 1860 822 1921 scientia
844 1860 987 1920 absoluta
1008 1866 1042 1921 et
1063 1861 1093 1921 ln
1121 1880 1156 1922 se
1180 1870 1320 1942 spectata
1341 1884 1414 1945 per-

325 1968 438 2033 tinebit
458 1966 499 2028 ad
521 1965 692 2027 absolutam
708 1961 893 2045 'ueritatem
929 1970 962 2024 et
988 1982 1189 2045 unaquaeque
1220 1986 1326 2028 earum
1348 1968 1412 2030 dla-

327 2072 529 2151 ciplluarum,
551 2087 631 2148 qnae
652 2084 708 2146 per
728 2082 763 2161 oe
785 2066 948 2128 absolutae
966 2073 1052 2142 suut,
1075 2069 1249 2130 versabitur
1262 2071 1293 2132 lu
1307 2072 1411 2154 cogol-

325 2177 411 2237 tione
434 2192 540 2235 urum
563 2186 684 2242 rerum,
707 2187 785 2246 quae
802 2171 1009 2248 sempiternae
1023 2178 1143 2233 suntne
1153 2146 1411 2252 per‘aeaeorsnm

324 2284 446 2339 extant:
482 2282 590 2336 nostra
618 2279 720 2332 antem
748 2272 873 2332 scientia
896 2275 1050 2353 spectabit
1071 2278 1160 2337 unice
1188 2278 1228 2340 ad
1249 2279 1411 2342 veritatem

323 2398 434 2444 rerum
461 2378 550 2440 noble
578 2372 842 2444 circumdaturum.
891 2358 1080 2455 ux'quom
1116 2380 1265 2457 eflicitur,
1301 2392 1338 2445 ut
1364 2402 1416 2462 eap

325 2502 418 2566 quam
449 2499 505 2544 noa
534 2480 701 2552 babemus,
736 2495 840 2537 rerum
874 2479 1003 2540 scientis
1029 2487 1062 2541 et
1091 2483 1227 2562 cognitio
1257 2504 1411 2568 nunquam

326 2597 469 2649 aeternae
496 2584 567 2645 illas
594 2581 730 2660 species,
764 2582 878 2661 quiippe
909 2601 965 2662 per
996 2603 1032 2646 se
1059 2593 1197 2650 extantes
1225 2594 1260 2650 et
1280 2610 1298 2652 a
1320 2592 1412 2679 nobis

327 2708 458 2772 prorsam
474 2688 644 2758 seiunctas,
666 2682 821 2764 attingere
833 2704 926 2765 posce
944 2688 1147 2751 existimanda
1167 2691 1216 2753 alt.
1261 2694 1411 2773 Quocirca

327 2815 384 2857 nee
417 2790 538 2873 pulcri,
575 2787 666 2861 boul,
703 2784 842 2862 ironeatl,
884 2789 974 2849 ideae
998 2791 1133 2869 intelligi
1159 2813 1178 2854 a
1205 2795 1296 2856 uobis
1319 2803 1412 2877 atque

325 2894 482 2976 cognosci
509 2896 666 2970 poterunt,
697 2909 754 2952 nec
786 2893 910 2952 omniuo
940 2893 1003 2952 ulla
1033 2911 1157 2968 eorum,
1191 2913 1270 2972 quoae
1299 2916 1357 2977 per
1378 2918 1412 2959 ae

329 3017 407 3061 esse
429 2995 585 3070 dicuntur,
613 2994 818 3073 intelligentia
844 2996 876 3054 in
900 3004 1034 3055 mentem
1056 2996 1220 3059 humanam
1242 3001 1412 3062 conveniet.

418 3098 682 3178 Quemadmodum
704 3114 777 3159 vero
799 3097 858 3158 luae
879 3097 1000 3160 ratione
1022 3100 1173 3161 humanae
1194 3103 1291 3163 menti
1314 3104 1413 3166 omnis

329 3192 714 3266 abiudicatnrOabsclutae
746 3202 883 3263 veritatla
914 3205 1067 3282 cognitio;
1102 3207 1146 3266 lta
1175 3205 1269 3267 etlam
1296 3208 1412 3269 numini

329 3311 432 3371 dlrino
456 3308 588 3388 eripitur
609 3322 712 3365 rerum
734 3306 929 3367 terrestrium
953 3305 1081 3368 scientia
1103 3317 1196 3388 atque
1218 3309 1411 3388 gubernatio.

328 3412 453 3475 Etenim
476 3413 503 3472 ai
525 3430 585 3490 qua
607 3413 656 3469 eat
675 3407 822 3468 scientiae
844 3409 964 3488 speeies
986 3408 1125 3488 perfecta
1149 3416 1241 3490 atque
1262 3414 1413 3493 absoluta,

329 3518 406 3577 baee
435 3520 523 3574 certe
550 3511 665 3574 nemini
700 3509 816 3572 rectius
848 3511 1007 3571 tribuetur
1034 3531 1124 3590 quiam
1155 3513 1258 3575 divino
1286 3519 1412 3580 numini.
1517 3548 1520 3553 ·

330 3621 390 3681 lam
415 3618 442 3678 al
464 3632 570 3675 verum
593 3622 658 3688 eat,
681 3613 764 3692 quod
787 3612 880 3675 modo
897 3613 1136 3694 disputavimus,
1158 3617 1271 3678 nullam
1284 3637 1413 3698 prorsus

330 3726 411 3783 inter
433 3738 486 3779 rea
514 3717 663 3779 laumanaa
691 3724 783 3795 atque
811 3716 927 3777 dininas
949 3735 1052 3777 rerum
1076 3719 1195 3798 speclea
1218 3720 1415 3786 intercedere

330 3820 590 3886 uecessitudinem
612 3828 645 3880 et
667 3820 930 3895 coniunctionem,
952 3820 983 3880 in
1006 3820 1110 3899 aprico
1128 3829 1196 3897 est,
1220 3842 1259 3883 ne
1280 3824 1414 3889 diuinum

331 3928 455 4007 quidem
479 3941 592 3984 numen
614 3942 666 3984 rea
688 3923 837 3984 bumanas
851 3923 974 3984 somnae
994 3930 1047 3983 aut
1064 3942 1169 3984 earum
1182 3944 1286 3986 euram
1303 3947 1415 4008 gerere

332 4034 392 4092 ullo
416 4027 512 4089 modo
535 4043 628 4107 possa
651 4024 694 4103 i).

414 4130 606 4193 Gravissima
640 4129 700 4189 bac
735 4127 1002 4207 argumentatione
1041 4128 1182 4188 absoluta
1217 4128 1416 4193 Parmenides

333 4236 434 4314 pancio
460 4233 563 4293 nerbla
586 4230 755 4312 siginificat,
790 4247 930 4308 magorum
959 4249 1033 4290 serre
1062 4250 1132 4292 esse
1152 4234 1214 4293 alm
1236 4242 1329 4311 atque
1349 4253 1416 4294 mo-

332 4350 471 4400 mentum
492 4335 602 4396 irarum
625 4334 817 4412 aliamtmque
839 4332 1083 4405 dubitationum
1113 4354 1188 4414 qaras
1212 4337 1240 4396 ai
1262 4334 1330 4413 noris
1353 4334 1416 4396 dla-

330 4444 455 4503 sclaere
477 4446 572 4517 atque
594 4455 698 4498 rerum
725 4435 845 4515 species
867 4435 1024 4498 absolutas
1046 4454 1153 4498 revera
1175 4442 1282 4497 extare
1305 4435 1419 4498 docere

410 4583 543 4594 -..-

398 4651 798 4723 nume-mn

1166 4740 1214 4799 ,μ
