3775 5442
656 616 742 688 hiber
763 617 916 676 seruntur.
960 614 1060 677 Sestio
1082 619 1103 678 i
1360 617 1426 693 255

341 794 497 852 aetemm
526 792 665 850 naturam
694 790 823 850 enitere.
880 789 955 851 Nam
984 789 1013 852 si
1042 791 1115 870 qnid
1139 790 1278 869 quiescat
1298 811 1424 857 maren·

342 895 431 970 dnm,
457 892 541 955 luter
568 893 705 972 quietam
734 901 766 954 et
793 902 911 955 motum
934 894 1068 976 aliquem
1090 896 1255 958 transitum
1277 915 1349 958 esse
1369 896 1425 957 de-

341 997 433 1073 here,
462 1013 555 1077 quem
576 996 741 1059 transitum
762 998 794 1058 iu
816 998 878 1059 hoe
898 1018 970 1087 erae
990 1000 1181 1075 mirabilem,
1217 1002 1301 1081 quod
1323 1018 1426 1081 usquo

341 1100 429 1179 qatea
450 1099 493 1161 sit
514 1118 616 1180 neque
637 1106 750 1165 motus.
808 1102 905 1180 Quod
940 1122 1033 1183 quum
1062 1101 1201 1164 idearum
1230 1110 1350 1167 tantum
1372 1104 1425 1179 ait,

340 1221 442 1281 aequus
474 1204 636 1283 quiesoere
663 1223 765 1284 neque
792 1207 926 1276 moveri,
960 1205 1110 1269 transitus
1141 1212 1301 1271 aeternam
1330 1208 1426 1275 huius

340 1304 425 1367 orhla
448 1316 587 1369 naturam
609 1308 795 1369 mmiieatat.
855 1308 940 1370 Haeo
960 1328 1034 1371 vero
1055 1316 1144 1371 recte
1164 1329 1214 1373 ma
1235 1329 1306 1375 ease
1326 1310 1424 1375 iuter-

338 1395 493 1489 pretatum
516 1411 604 1472 loeus
623 1410 797 1471 Phae-donis
819 1430 849 1492 p.
863 1411 914 1476 71.
937 1412 1112 1474 simillimus
1134 1413 1321 1479 dooumeuto
1343 1424 1424 1490 esto,

339 1530 402 1592 quo
437 1515 587 1576 transitus
620 1513 817 1592 potissimum
857 1521 967 1577 natura
1012 1524 1158 1597 arctaque
1197 1520 1423 1583 ooutrsrisrnm

338 1617 480 1681 idearum
502 1617 654 1681 sociatste
676 1623 802 1678 aeterna
823 1619 994 1681 animarum
1016 1624 1126 1680 natura
1146 1621 1204 1682 niti
1227 1621 1425 1684 dieitur.“-

337 1721 451 1800 „Quae
473 1728 582 1801 quarta
604 1719 770 1800 hypothesi
793 1721 980 1795 doceantur,
1010 1722 1117 1801 paualr
1138 1728 1256 1784 tautum
1278 1725 1353 1787 salla
1375 1734 1425 1790 sat

336 1822 510 1888 illustrare.
575 1823 790 1885 Ostenduntur
817 1825 899 1885 enlm
927 1833 1047 1890 omaro,
1080 1831 1156 1905 puts
1183 1845 1292 1887 omnes
1320 1810 1425 1897 idm.
1493 1890 1496 1895 ,

336 1928 483 1988 monadis
509 1946 579 1991 ease
604 1929 790 2009 participes,
818 1936 882 1991 tum
911 1935 1064 2008 quatenus
1092 1946 1188 1990 untrm
1210 1936 1312 1991 totum
1332 1937 1426 2003 sunt;

336 2028 523 2091 universitas
549 2032 631 2091 enim
659 2031 799 2093 idearum
827 2037 878 2091 est
906 2030 974 2112 ipss
1006 2050 1131 2104 morsa,
1175 2038 1242 2094 tum
1271 2039 1425 2113 quatenus
1455 2084 1458 2089 .

338 2132 469 2193 seorsim
492 2141 566 2195 sunt
586 2133 716 2212 positae.
742 2164 752 2191 ι
773 2135 919 2215 Singulae
941 2134 1022 2195 enim
1044 2135 1194 2199 monades
1215 2138 1424 2216 appellantur,

338 2242 507 2313 partesque
542 2244 614 2298 sunt
647 2244 682 2298 et
714 2239 854 2300 infinitae
886 2238 1041 2300 earentlse
1076 2246 1110 2300 et
1138 2239 1273 2303 termini.
1337 2243 1425 2307 itaer

338 2339 454 2419 quippe
476 2340 550 2401 trias
571 2340 604 2402 iu
626 2342 899 2422 unaquaqueidea
920 2348 980 2416 est,
1003 2343 1121 2405 indulta
1142 2344 1287 2419 maeatis,
1310 2344 1424 2421 forms,

339 2442 422 2504 asia.
482 2446 580 2523 Quam
608 2445 758 2507 mouisse
783 2453 817 2507 et
836 2452 948 2527 argute
968 2444 1030 2507 hoo
1050 2466 1067 2506 a
1089 2446 1220 2507 Platona
1240 2449 1424 2528 explicetur,

339 2530 472 2627 h'genua
501 2547 679 2627 experiaris.
745 2549 814 2611 Non
843 2549 1021 2622 mirabaris,
1059 2547 1121 2609 hoa
1148 2567 1273 2628 quoque
1301 2551 1342 2613 ad
1370 2570 1425 2615 res

338 2650 521 2729 nugariam,
545 2669 624 2729 qrrse
645 2649 706 2712 hoe
728 2652 806 2713 orhe
828 2653 1037 2725 eontinentur,
1058 2651 1229 2730 pertinere,
1251 2655 1425 2733 quosquis

338 2759 411 2813 sunt
432 2759 537 2833 partes
558 2754 708 2816 materiae
728 2755 867 2815 indultae
879 2759 961 2828 sunt,
984 2752 1209 2835 quiaidosrnm
1222 2753 1425 2832 singularium

339 2861 447 2933 psrtes
464 2855 651 2935 effigiesque
668 2863 751 2931 sunt,
771 2842 1050 2935 linitae'aunt.“-
1082 2853 1218 2933 „Quinta
1240 2854 1427 2934 hypothesis

341 2956 541 3033 demontrat,
566 2966 718 3038 quatenus
731 2959 1297 3022 contineanturuuirorsitatsoeterae
1317 2957 1425 3031 ideae,

340 3078 413 3124 eso
442 3080 494 3125 eas
523 3064 636 3125 mrtltaa
663 3063 823 3138 desinere,
859 3080 957 3143 exque
988 3062 1095 3124 mullis
1124 3079 1214 3125 unam
1244 3059 1345 3120 ideam
1373 3078 1427 3121 ex·

337 3162 453 3239 latare,
486 3175 611 3246 praeter
642 3184 732 3247 quam
761 3168 839 3229 nihil
874 3186 961 3229 erse:
998 3167 1131 3229 mundus
1165 3164 1259 3227 stiam
1294 3170 1427 3244 propter

335 3267 472 3333 idealem
496 3274 633 3333 usturam
656 3306 698 3318 -
720 3270 781 3333 hoo
802 3270 883 3333 enim
906 3277 964 3341 est,
988 3276 1106 3333 utnon
1126 3288 1184 3332 ens
1206 3269 1302 3331 sit—
1319 3269 1426 3331 msdtl·

338 3371 480 3435 tudinem
507 3392 630 3437 omnem
659 3376 818 3455 repellit.“
845 3410 887 3419 -
935 3374 1026 3450 „liae
1054 3374 1191 3453 quinque
1218 3379 1292 3435 runt
1318 3379 1424 3452 portu

337 3476 449 3559 sapitis
470 3478 594 3557 prioris.
648 3479 791 3541 Alterum
817 3482 910 3559 eaput
930 3495 993 3538 non
1014 3475 1075 3537 nisi
1102 3474 1143 3534 da
1163 3473 1224 3535 hae
1243 3493 1349 3539 renim
1369 3494 1425 3541 us-

338 3589 409 3645 tua
431 3584 529 3662 aglt“
548 3618 592 3628 -
634 3580 733 3657 „l'srs
753 3580 847 3646 huius
869 3582 968 3661 prima
990 3578 1185 3641 demonstrat
1205 3594 1270 3639 nou
1291 3597 1346 3640 sus
1367 3580 1425 3643 sli-

337 3692 491 3764 qmtaau·
523 3687 615 3747 etiam
644 3702 732 3761 esse,
769 3683 853 3766 quod
882 3683 967 3744 idem
993 3683 1026 3742 iu
1055 3681 1204 3763 Sophists
1230 3687 1263 3742 et
1283 3680 1424 3757 Timaeo,

337 3788 406 3851 allia
426 3795 530 3850 tamen
551 3790 670 3864 serbis,
691 3796 728 3850 ut
749 3788 899 3851 artitioem
920 3802 1085 3865 agnosoas,
1114 3785 1297 3865 explicatum
1328 3784 1424 3847 vides

338 3892 500 3955 hulsetum
522 3895 688 3955 verborum
710 3892 742 3955 in
763 3890 822 3955 hac
843 3898 933 3972 parte
954 3888 1165 3951 animadverte
1177 3885 1424 3950 convenientium

338 3995 433 4059 huius
464 3997 572 4057 mundi
599 4002 745 4070 naturae,
772 4012 814 4056 na
833 3995 977 4069 dubites,
1013 3992 1053 4054 de
1075 4010 1137 4071 quo
1159 4009 1264 4055 sermo
1286 3990 1360 4053 sit.“
1380 4026 1425 4037 -

337 4098 415 4163 rm
437 4100 582 4171 seeundo,
605 4099 631 4159 si
654 4114 786 4161 non-eus
804 4116 934 4179 prorsus
956 4096 1035 4158 nihil
1055 4095 1108 4169 sit,
1129 4111 1170 4154 ue
1191 4093 1276 4173 gigni
1297 4093 1423 4174 quidem

336 4222 440 4285 mque
462 4204 543 4264 morl
572 4201 633 4262 dioi
660 4201 721 4261 hoe
747 4219 842 4283 pesas
869 4202 978 4276 donet,
1006 4216 1108 4278 neque
1128 4198 1225 4258 ullum
1247 4212 1424 4257 sermonem

337 4308 380 4369 do
401 4324 441 4369 es
464 4302 583 4380 haberi,
605 4304 688 4383 quod
717 4323 735 4362 a
763 4305 929 4387 peregrino
952 4320 1076 4384 quoque
1098 4301 1212 4362 dictum
1234 4315 1307 4361 esre
1328 4297 1423 4358 reml-

335 4409 493 4471 ahare‘·
514 4442 558 4454 --
607 4407 711 4486 „Quid
733 4425 786 4471 res
807 4407 1037 4489 adspeotahiles
1058 4407 1138 4479 aiut,
1165 4403 1194 4465 ai
1213 4400 1366 4476 mundus,
1387 4406 1424 4463 ut

335 4499 404 4583 est,
426 4511 471 4573 ita
492 4529 555 4574 nou
578 4516 627 4570 eat
649 4530 742 4585 unus,
770 4511 865 4572 tertia
886 4530 959 4590 pars
980 4509 1131 4588 explanat
1182 4504 1231 4566 Tu
1253 4523 1326 4568 vero
1349 4525 1423 4569 ocu·

337 4616 441 4679 lorum
471 4614 568 4677 talem
592 4614 651 4674 huo
672 4614 816 4690 aduerte,
844 4631 936 4694 quam
964 4612 1041 4676 acite
1070 4611 1160 4674 Plato
1189 4629 1226 4673 ex
1253 4608 1314 4672 hoa
1333 4610 1423 4674 ionte
