3775 5442
686 653 771 714 Liber
791 657 905 723 terrina.
950 653 1052 718 Sestio
1073 654 1122 715 ill.
1380 658 1444 722 dii

425 827 508 907 nego
552 824 621 887 Nec
643 826 746 886 emsa
764 845 822 885 nee
842 824 997 888 osseam
1017 827 1081 888 sor
1096 834 1152 897 mo
1169 830 1265 890 aoso
1286 836 1343 889 sse.
1365 831 1443 893 usu
1536 806 1541 813 ’

566 948 625 991 nee
645 930 730 989 idem
751 935 878 990 estnec
899 931 1000 1001 alind;
1043 933 1145 994 simile
1166 938 1359 1008 autemeat,
1391 935 1444 997 dai

567 1034 661 1107 idem,
683 1033 843 1107 dissimile,
866 1033 916 1094 cni
938 1034 1022 1097 alind
1044 1036 1120 1115 quid
1142 1035 1265 1096 accidit

424 1167 508 1247 Ergo
553 1164 622 1229 Nec
643 1169 774 1250 aequale
795 1169 857 1229 sibi
878 1177 935 1230 out
957 1171 1053 1231 alteri
1075 1177 1132 1232 est.
1175 1170 1253 1232 Nam
1271 1170 1443 1251 aequalitas

567 1276 601 1332 et
621 1270 823 1351 inaequalitas
837 1271 1031 1335 similitudini
1043 1292 1080 1335 aa
1097 1270 1338 1337 dissimilitudini
1350 1267 1443 1356 plane

565 1379 695 1455 cognata
717 1379 774 1435 est.

424 1509 509 1589 Ergo
552 1507 619 1568 Nec
648 1509 752 1569 moins
783 1517 890 1571 estote
915 1530 974 1573 osc
1010 1513 1114 1573 minua
1147 1529 1205 1571 nec
1238 1519 1443 1575 coaetaneum

569 1631 637 1672 esso
654 1618 775 1692 potest,
802 1613 867 1673 aios
898 1612 941 1673 od
962 1619 1060 1675 semet
1082 1613 1181 1692 ipsum
1203 1614 1269 1676 eive
1290 1615 1332 1676 od
1353 1612 1442 1675 aliud

567 1711 643 1795 quid
671 1721 875 1794 conparetur.
917 1714 1065 1796 Alioquin
1093 1716 1174 1779 emm
1200 1717 1330 1797 aequale
1358 1721 1442 1781 esset

569 1823 663 1896 atqua
683 1816 851 1897 inaequale.
1347 1802 1351 1809 ¹

425 1952 511 2033 Ergo
553 1948 681 2012 Nullius
715 1954 862 2032 terporis
888 1955 1214 2035 parcimeniam
1241 1956 1276 2015 in
1304 1962 1442 2035 tenpore·

565 2060 717 2117 ossam..
760 2055 854 2118 ussat
881 2058 963 2119 anim
988 2058 1039 2118 vel
1064 2061 1163 2123 mains
1178 2058 1242 2121 'val
1269 2060 1370 2120 minas
1389 2058 1440 2120 vd
1475 2134 1479 2143 Ι

565 2165 774 2219 coaetaneum.
1394 2196 1397 2201 -

422 2291 507 2372 Ergo
552 2288 662 2373 Neque
682 2293 769 2373 suit,
797 2313 897 2377 neque
927 2303 976 2357 est
1001 2315 1101 2380 neque
1129 2298 1200 2358 erit.
1254 2296 1331 2358 Nam
1361 2284 1440 2359 lraed

567 2397 669 2456 omnia
690 2396 730 2458 ad
752 2390 873 2479 tempus
894 2398 1085 2475 reseruntur,
1109 2399 1192 2479 qnod
1206 2399 1246 2460 ln
1258 2400 1359 2462 Unum
1377 2394 1440 2462 nnn

566 2498 715 2561 convenit.
1280 2514 1285 2519 '
1431 2508 1436 2521 '

422 2634 507 2715 llrgo
556 2632 656 2695 Unum
690 2635 775 2696 nullo
807 2594 896 2696 modo
933 2642 991 2698 est.
1056 2636 1149 2698 Esset
1175 2636 1258 2701 enlm
1284 2636 1439 2699 urendam

564 2738 731 2819 particeps.

425 2871 507 2953 Ergo
557 2870 658 2934 Umom
688 2892 788 2954 nequo
814 2870 909 2933 labet
935 2870 1104 2954 quidquam
1124 2890 1224 2952 nequo
1245 2892 1266 2932 a
1288 2892 1441 2955 quoquam

567 2975 717 3037 halsow.-
751 2992 852 3054 nsque
880 2976 962 3037 enim
990 2993 1104 3037 nomen
1128 2975 1226 3037 habet
1252 2994 1354 3056 nequa
1374 2996 1441 3038 aar·

565 3099 689 3142 monem
709 3098 812 3158 neque
832 3080 994 3141 scientiam
1014 3098 1073 3141 nee
1094 3099 1217 3143 sennam
1238 3099 1298 3141 nec
1320 3081 1440 3160 opinio-

565 3201 653 3255 nem;
673 3202 737 3246 non
758 3184 904 3258 cernitur,
924 3201 988 3245 non
1008 3184 1194 3259 nominetur,
1216 3202 1280 3246 non
1301 3192 1440 3263 vocatur,

563 3304 627 3347 non
649 3287 855 3366 cognoscitur,
876 3306 939 3350 nnn
959 3287 1132 3368 percipitur
1152 3287 1305 3352 andinus.
1429 3311 1435 3345 ε

443 3439 551 3519 ltaque
580 3440 640 3502 iam
668 3441 746 3503 nihil
774 3445 932 3523 superest,
963 3458 1053 3519 quam
1080 3439 1183 3500 Unum
1213 3440 1330 3519 aliquid
1359 3438 1439 3517 erse',

358 3541 445 3621 quod
466 3542 622 3606 finitarum
644 3562 749 3605 rerum
772 3551 892 3618 natura,
914 3539 980 3602 sive
1003 3561 1058 3602 eae
1079 3546 1184 3603 mente
1204 3548 1236 3605 et
1251 3540 1440 3622 cogitatione

359 3646 663 3725 comprehendantur
689 3639 762 3708 ¹siue
793 3628 935 3706 sensibus
967 3644 1030 3707 sint
1064 3642 1237 3721 subiectae,
1272 3644 1365 3724 longe
1398 3643 1439 3706 ait

359 3748 520 3829 superius,
549 3770 566 3809 a
595 3769 656 3829 qun
683 3756 786 3811 tamen
816 3748 916 3808 omnia
938 3753 1082 3828 tauquam
1105 3767 1122 3807 a
1143 3767 1263 3811 nummo
1284 3738 1438 3828 principio

357 3869 430 3913 esse
459 3852 656 3927 deducenda,
688 3850 889 3913 Parmenides
911 3850 966 3926 iis,
989 3870 1068 3931 quaa
1090 3838 1278 3931 sequnntur,
1300 3846 1440 3931 dispnt'a·

358 3954 456 4017 tionis
478 3958 618 4038 partibus
640 3956 781 4018 evincere
802 3954 917 4016 studet.
1411 3946 1432 3973 ’“

443 4110 529 4171 llaec
554 4112 650 4190 igitur
677 4111 731 4188 qui
762 4109 1025 4174 consideraverint
1055 4107 1177 4187 paullo·
1193 4108 1390 4183 aocuntluss'
1408 4107 1440 4175 'li

358 4212 485 4275 minime
513 4215 713 4287 dubitabunt,
746 4217 818 4293 quin
850 4232 916 4279 eam
944 4230 1034 4293 quam
1063 4209 1105 4271 da
1123 4210 1257 4272 Euclide
1276 4208 1441 4290 proposui,-

357 4334 427 4377 mus
450 4319 634 4379 sententiam
655 4319 738 4383 haud
760 4314 1197 4381 mediocritereommunisnt.
1233 4315 1441 4401 Quaecunque

350 4421 441 4481 ,anim
464 4419 505 4481 de
528 4420 685 4500 Megarico
708 4420 897 4501 philosopho
918 4419 1000 4497 apud
1013 4418 1184 4496 Diogenem
1204 4422 1380 4489 serrantur,
1401 4433 1440 4485 ar

350 4523 410 4584 ¹laic
431 4523 572 4585 videmus
593 4524 734 4603 exemplo
757 4524 836 4585 adeo
858 4521 974 4584 illustri
995 4537 1066 4583 ease
1087 4519 1252 4600 patefacta,
1274 4518 1440 4605 ntalnpnin

356 4625 477 4703 laertit
502 4628 596 4689 rerba
615 4629 832 4691 lncemsuam
853 4630 1055 4706 recuperant,
1084 4641 1142 4687 nac
1163 4621 1440 4703 quinquennium
