3775 5442
655 639 741 705 blitea·
760 647 878 723 primas.
922 646 1023 709 Sestio
1046 645 1082 710 ii.
1375 657 1418 719 bn

322 815 457 882 inirem
479 807 645 899 καὶπρὸς
667 809 730 893 τὴν
753 815 939 895 ousojs‘isusv
961 815 1188 904 ἐνιστάμενος,
1209 820 1248 886 ού
1261 818 1323 890 τὸν
1339 824 1418 908 βίον

321 917 483 1002 ἀναιρῶν
504 912 579 980 οὐδὲ
601 909 644 977 τὰ
668 912 853 999 πράγματα
879 916 980 998 δῆλός
1002 927 1100 987 ἐστιν.
1151 928 1238 1004 Quane
1259 946 1352 1006 quum
1373 928 1425 991 itr-

322 1023 407 1095 alnt,
446 1017 623 1099 Stilponem
649 1020 749 1098 liquet
776 1021 863 1082 ideas
884 1025 1062 1104 neutiquam
1087 1029 1213 1090 omnino
1241 1031 1415 1107 sustulisse,

321 1125 419 1188 deust
448 1123 586 1184 fortasse
613 1123 724 1201 niiquls
756 1143 776 1184 e
803 1125 911 1203 primis
932 1127 1048 1190 Iasdrtii
1071 1130 1175 1193 verbis
1195 1130 1337 1211 colligat,
1358 1135 1416 1197 sed

322 1229 465 1289 erebus
487 1227 547 1289 sub
569 1226 678 1287 oculos
705 1225 904 1303 cadentibus,
939 1229 981 1290 de
1007 1232 1131 1309 quibus·
1147 1233 1232 1294 raris
1259 1241 1292 1295 et
1318 1237 1416 1298 multa

322 1330 505 1412 prsediesri
524 1328 652 1403 liceret,
673 1329 798 1409 penitus
820 1332 1003 1407 removisse,
1025 1334 1170 1395 videlicet
1185 1335 1256 1415 quia
1272 1354 1329 1398 ese
1341 1338 1415 1398 sim

317 1436 424 1516 plices
448 1450 521 1496 esse
542 1432 703 1506 deberent,
726 1432 759 1491 in
780 1451 815 1493 sc
826 1434 998 1509 absolutae,
1021 1445 1054 1496 et
1071 1436 1288 1500 immutabiles.
1317 1442 1415 1519 Quam

324 1539 454 1618 quidem
482 1536 773 1615 interpretationem
799 1537 980 1616 planissime
1006 1541 1187 1601 confirmant
1214 1544 1353 1622 exempla
1374 1545 1413 1605 ab

323 1642 395 1722 ipso
417 1639 560 1718 Diogene
581 1638 682 1701 allata.
726 1639 840 1700 Narrat
862 1640 961 1713 enim,
985 1647 1020 1702 nt
1040 1642 1101 1702 hoc
1122 1650 1210 1716 utar,
1231 1645 1319 1704 illum
1340 1665 1414 1707 con-

323 1743 484 1816 tendisse,
507 1740 605 1804 booee
624 1743 713 1816 olus,
736 1742 819 1819 quod
843 1744 911 1821 quis
930 1741 1037 1822 digitis
1055 1749 1226 1817 monstret,
1248 1763 1310 1807 non
1328 1766 1414 1819 esse;

324 1865 394 1907 nam
425 1845 498 1906 oins
524 1844 586 1905 ism
614 1843 688 1905 iude
716 1846 756 1905 ab
782 1846 953 1907 innumeris
981 1846 1122 1907 extitisse
1151 1848 1257 1919 annis3
1294 1866 1331 1909 ex
1352 1868 1413 1928 quo

324 1948 433 2028 eolllgl
454 1947 556 2009 voluit
574 1947 674 2027 ipsam
696 1949 791 2010 oleris
812 1948 949 2027 speciem
963 1948 1093 2010 dliierre
1110 1950 1150 2010 ab
1163 1967 1219 2025 eo,
1243 1952 1327 2030 qnod
1341 1970 1413 2012 sas-

326 2053 410 2112 sibns
440 2055 706 2124 contrectas-etur,
742 2051 884 2129 adeoque
904 2069 1046 2113 scorsum
1067 2070 1125 2131 per
1145 2069 1182 2112 se
1203 2071 1274 2114 esse
1295 2072 1412 2133 ponen-

326 2157 405 2218 dam.
454 2155 596 2216 Eandem
625 2171 699 2213 sero
736 2152 834 2214 inisse
866 2155 1039 2233 primorum
1073 2153 1249 2235 Megaricae
1284 2156 1411 2217 scholae

324 2258 489 2319 doctorum
503 2256 689 2319 sententiam
704 2256 877 2336 colligimus
891 2277 909 2316 e
921 2237 998 2319 Pisi.
1016 2256 1153 2338 Sophist.
1168 2257 1277 2337 pani.
1289 2260 1325 2320 A.
1334 2260 1410 2321 iic.

324 2360 381 2420 subi
402 2361 513 2420 acerbe
534 2358 789 2440 perstringuntur
810 2359 942 2433 eristlci,
972 2359 1048 2421 talia
1068 2381 1127 2441 pro
1148 2362 1267 2441 ingenti
1288 2364 1409 2442 sapien·

322 2464 388 2524 tiae
414 2462 561 2525 tbeasnro
591 2458 794 2524 venditentes.
843 2462 909 2524 Nec
936 2463 1027 2524 sliam
1053 2470 1221 2526 tenuerunt
1245 2458 1409 2540 rationem,

323 2569 376 2649 qai
396 2568 481 2629 inter
501 2565 678 2647 Megaricos
700 2565 890 2639 docuenant,
921 2584 972 2627 res
995 2566 1126 2629 evadere
1147 2569 1239 2649 plane
1261 2566 1408 2641 diversas,

322 2672 429 2751 pronti
451 2672 536 2732 veria
557 2689 593 2731 nc
615 2668 737 2731 diversa
758 2669 799 2730 de
819 2668 858 2731 ils
879 2669 1150 2751 praedicarentur,
1173 2689 1264 2749 quam
1285 2677 1409 2741 senten-

323 2775 398 2835 tiam
426 2773 488 2835 iam
518 2774 638 2836 Zenoni
665 2773 818 2853 placuisse
844 2791 939 2851 supra
975 2773 1124 2850 suspicati
1151 2792 1269 2834 sumus.
1324 2774 1410 2833 Hsec

322 2894 402 2937 sero
424 2877 454 2937 si
475 2877 678 2955 probabiliter
698 2873 944 2952 explicuimus„
956 2889 1020 2933 non
1039 2872 1145 2951 inepta
1158 2873 1314 2934 videbitur
1336 2894 1408 2935 con·

324 2978 449 3039 iectura
469 2986 585 3057 nomm,
609 2999 669 3060 qus
691 2979 867 3057 Megaricos
896 2994 990 3055 snpra
1017 2974 1165 3054 suspicati
1186 2992 1292 3037 snmus
1314 2976 1347 3035 in
1369 2962 1409 3035 eo

323 3083 455 3144 mutum
482 3098 548 3146 mm
575 3084 707 3145 Platone
734 3080 938 3154 dissensisse,
973 3078 1078 3159 quod,
1112 3077 1188 3138 llcet
1219 3076 1308 3139 ideas
1340 3095 1410 3138 esse

323 3186 530 3267 largirentur,
561 3195 664 3248 tamen
697 3203 749 3247 ess
777 3190 930 3264 ponerent
959 3197 1088 3262 prorsus
1117 3181 1251 3243 arabus
1271 3179 1408 3242 diversas

322 3306 358 3350 se
378 3290 551 3366 seiunctm
572 3289 618 3351 its
639 3295 674 3349 nt
694 3287 752 3349 bas
773 3293 924 3368 negarent
945 3285 1112 3367 quidquam
1133 3304 1202 3345 cnm
1216 3284 1278 3345 illis
1292 3284 1408 3345 babere

323 3394 547 3456 coniunctionis
569 3399 604 3454 et
625 3390 871 3459 necessitudinis.
914 3388 1066 3450 Nimirum
1078 3387 1288 3448 Eleaticorum
1308 3388 1407 3449 secuti
1497 3378 1503 3387 ”

321 3496 526 3569 sentemlsm,
548 3493 698 3575 quidquid
720 3493 778 3555 snb
800 3510 911 3555 sensus
932 3498 1018 3554 esset
1039 3491 1228 3566 subiectum,
1250 3505 1324 3553 rere
1337 3505 1407 3554 esse

321 3607 473 3679 negarant
498 3599 634 3678 ideoque
660 3615 701 3658 ne
727 3613 797 3657 cnm
825 3593 905 3655 ideis
933 3593 1057 3673 quidem
1087 3594 1253 3673 quidquam
1280 3602 1408 3675 praeter

323 3703 454 3763 nominis
477 3701 721 3763 convenientiam
744 3700 804 3760 sibi
826 3715 988 3759 commune
1016 3697 1132 3758 babere
1159 3698 1303 3758 srbltrati
1324 3703 1406 3770 suat,
1507 3687 1510 3691 ’

321 3802 394 3882 lpaia
425 3802 506 3863 iden
533 3811 656 3878 autem,
683 3801 754 3881 qula
776 3807 880 3863 essent
901 3799 1078 3875 absolutae,
1109 3812 1232 3862 omnem
1253 3800 1406 3862 rationem

322 3906 512 3984 eripuerunt.

402 4008 628 4088 Exposuimus,
652 4010 725 4088 quid
745 4027 803 4070 nos
818 4008 858 4069 de
871 4012 940 4070 toto
958 4004 1020 4068 boc
1033 4009 1104 4070 loco
1116 4006 1295 4069 sentiamus.
1329 4004 1407 4065 Pto-

321 4110 395 4173 ierrl
423 4113 506 4174 enim
534 4113 586 4174 hic
612 4112 821 4172 existimamus
843 4109 1075 4189 Megaricorum
1096 4112 1245 4172 adversus
1266 4104 1406 4169 Platonis

321 4215 459 4277 idearum
483 4217 655 4278 doctrinam
677 4214 920 4294 disputationes,
944 4225 1019 4290 quas
1042 4214 1131 4276 Plato
1153 4213 1230 4276 iecit
1249 4206 1406 4269 Parmeni-

320 4317 390 4379 iem
413 4325 609 4380 enarrantem
632 4322 814 4398 propterea,
837 4315 921 4393 quod
937 4313 1087 4394 Megarici
1098 4316 1267 4378 Eleatioam
1290 4307 1406 4369 doctri-

319 4440 386 4482 nam
410 4441 520 4502 magna
542 4427 628 4482 certe
650 4438 686 4480 ea
708 4427 799 4498 parte
816 4436 903 4480 susm
927 4416 1086 4481 iecissent.
1130 4412 1406 4495 Quamquamillac

273 4528 276 4553 l
318 4544 428 4586 omnes
449 4527 523 4587 inde
546 4519 702 4584 duxerunt
724 4521 892 4602 originem,
915 4519 998 4599 quod
1020 4538 1092 4578 vera
1115 4519 1252 4579 Platonis
1272 4518 1312 4576 de
1325 4515 1405 4575 ideis

274 4648 278 4663 ·
318 4648 488 4709 cenamque
510 4645 580 4692 cnm
602 4626 696 4690 rebus
717 4621 1130 4723 necessitudlnesententia
1158 4617 1196 4681 ab
1219 4618 1405 4681 sdversaaiia
