3775 5442
481 630 544 691 Μ
607 697 609 700 ,
797 628 884 689 Liber
903 632 1018 689 tartiur.
1063 627 1164 693 &ctio
1185 630 1237 695 itt.

480 799 638 884 σωρείτην
666 802 723 865 καὶ
752 803 927 882 κερατίνην
959 799 1017 864 καὶ
1044 795 1230 887 φαλακρόν.
1296 803 1381 880 Quae
1410 801 1480 879 quia
1513 806 1563 861 eat

480 905 555 984 qvia
580 904 685 964 videat
711 922 773 965 nou
800 902 939 964 loturum
967 903 1066 966 luiare
1094 909 1129 965 ut
1157 905 1196 965 ab
1222 903 1384 965 Eubulide·
1408 904 1562 984 excogita·

478 1013 605 1079 rentur,
632 1005 692 1067 ulai
719 1012 828 1084 arguta
854 1006 916 1067 lata
942 1012 1036 1085 atquc
1064 1008 1151 1070 tricia
1177 1006 1339 1087 gerriaquc
1359 1006 1476 1069 referta
1497 1007 1562 1069 dia·

481 1108 608 1172 aareudl
628 1109 718 1196 ratio
732 1107 897 1187 Megaricia
919 1109 1104 1189 praeprimis
1125 1109 1314 1189 placuiaaet?
1357 1108 1465 1186 Neque
1486 1128 1562 1171 vero

479 1212 569 1275 Plato
589 1210 682 1273 letam
704 1210 866 1273 cavillandi
893 1212 1076 1291 riroudique
1106 1211 1306 1291 cupiditatem
1328 1209 1450 1271 videtur
1469 1212 1502 1271 in
1522 1212 1562 1273 iia

480 1334 542 1377 nou
563 1313 729 1377 notaviaac.
750 1313 919 1377 Meuiieato
942 1315 1025 1375 cuim
1046 1315 1134 1377 loeua
1153 1314 1208 1375 ille
1223 1313 1389 1392 Sopbietae
1409 1315 1561 1393 oziau.

480 1419 522 1480 ad
541 1417 719 1497 Megaricae
741 1415 925 1477 referendus
947 1422 1006 1478 eat.
1070 1417 1135 1479 Nec
1161 1425 1265 1477 tumen
1293 1417 1404 1477 eodem
1426 1418 1563 1496 pertinet

479 1521 715 1600 Euthydemus,
752 1518 907 1599 etquidem
944 1518 1170 1583 veridiaeimilia
1209 1525 1260 1580 eat
1287 1519 1564 1582 Sclrleiermacberi

480 1623 658 1686 coniectura
685 1622 830 1684 Prooem.
855 1620 994 1701 Euthyd.
1016 1641 1046 1701 p.
1068 1623 1133 1683 4⁰3
1149 1642 1196 1702 aq.
1226 1630 1259 1685 et
1279 1623 1423 1685 Proocm.
1446 1624 1562 1702 Cratyl.

479 1745 511 1806 p.
535 1724 586 1787 15.
608 1726 786 1805 propoaita,
819 1725 976 1803 dialogum
997 1723 1085 1785 illum
1107 1727 1244 1803 putentia
1267 1727 1471 1804 compositum
1492 1744 1563 1787 coac

480 1830 676 1909 potiarimum
697 1830 738 1889 ad
759 1829 840 1889 rixae
863 1834 896 1888 ct
916 1827 1130 1889 contentione·
1151 1829 1427 1911 dotiatbameorum
1449 1829 1562 1891 etble-

480 1934 655 2015 sericorum
688 1930 834 1991 ridendae
862 1937 956 2008 atquc
984 1930 1190 2010 exagitandaa.
1257 1931 1304 1991 lle
1325 1950 1386 2010 qua
1406 1950 1442 1992 rc
1470 1950 1563 2010 expo

481 2036 600 2095 auimua
627 2050 727 2111 nuper
755 2033 788 2093 iu
817 2032 1051 2111 Prolegomeuia
1085 2034 1124 2094 ad
1155 2034 1396 2112 Euthydemum.
1461 2035 1564 2112 Quum

481 2155 556 2198 varo
578 2154 617 2197 ex
638 2135 688 2199 bia
709 2136 852 2197 omuibua
874 2135 1036 2199 evidenter
1056 2144 1212 2216 appareat,
1235 2138 1296 2198 iam
1318 2134 1435 2215 prinmo
1452 2137 1563 2215 illega-

480 2241 564 2301 rieoa
591 2245 703 2317 arguto
732 2239 905 2299 delectatos
934 2257 1005 2299 eoae
1031 2239 1210 2318 disputandi
1238 2257 1368 2319 geuene,
1402 2239 1477 2299 licet
1506 2257 1563 2301 coa

481 2342 686 2405 concedamnr
699 2356 761 2401 nou
780 2341 975 2403 obtrectandi
996 2347 1051 2403 aut
1071 2343 1210 2417 iollcudi,
1233 2343 1290 2404 aed
1311 2340 1377 2403 veri
1387 2339 1564 2402 inveniendi

481 2463 592 2505 caum
618 2442 796 2505 iatiuamodi
823 2445 1141 2522 argumentationibus
1168 2463 1242 2507 uaoa
1264 2464 1350 2517 ease,
1372 2451 1475 2505 tamen
1497 2463 1565 2504 cer·

479 2556 547 2609 tum
581 2545 783 2620 arbitramur,
821 2547 872 2609 vel
905 2549 1056 2627 roccioaie
1083 2548 1270 2629 argumentis
1299 2549 1337 2609 ab
1366 2546 1405 2611 iia
1433 2548 1565 2609 multum

479 2650 574 2730 pretii
602 2664 673 2717 rue
699 2649 870 2723 tributum,
903 2652 969 2713 aive
995 2651 1029 2713 id
1057 2671 1166 2714 errore
1192 2651 1295 2730 aliquo
1317 2651 1381 2712 eive
1402 2650 1564 2711 cavillandi

480 2754 652 2832 cupiditate
667 2750 721 2842 lto
749 2753 889 2815 evcnirae
918 2756 1122 2817 existimetur.
1161 2754 1263 2815 .Nam
1292 2756 1358 2816 eive
1390 2754 1563 2832 exemplum

479 2859 559 2919 illud
580 2857 752 2929 intuemur,
781 2856 866 2934 quod
886 2856 926 2918 iia
946 2859 1033 2920 Zeno
1055 2859 1180 2919 Eleates
1202 2859 1383 2936 praeiverat,
1406 2857 1470 2921 aive
1491 2876 1563 2919 cou-

479 2961 653 3023 aideramua
681 2958 870 3037 rophiamata
898 2960 930 3019 in
951 2961 1092 3040 ipsorum
1119 2962 1273 3040 palaestra
1295 2960 1477 3039 excogitata,
1499 2959 1563 3020 aive

482 3068 623 3125 veterum
646 3060 832 3139 scriptorum
856 3063 896 3125 de
916 3063 956 3125 ile
977 3063 1091 3125 iudicia
1112 3065 1262 3139 audimur,
1285 3070 1357 3125 aunt
1370 3063 1447 3123 haec
1460 3063 1563 3125 omnia

479 3164 649 3235 eiuamodi,
676 3168 711 3223 ut
738 3162 819 3224 banc
844 3166 1029 3226 sententiam
1059 3167 1184 3246 egregie
1217 3169 1408 3228 confirment
1450 3165 1561 3227 Nullua

479 3273 583 3326 autem
606 3264 734 3325 uberior
761 3264 833 3328 iona
861 3274 911 3329 eat
931 3269 1142 3346 speciosorum
1171 3278 1438 3351 argumentorum,
1471 3288 1561 3349 quam

479 3386 594 3448 anccpa
627 3376 660 3431 et
685 3367 879 3448 =tleriloqnua
911 3391 985 3434 uaria
1020 3373 1256 3449 venabulorum,
1290 3394 1351 3455 quo
1385 3372 1561 3451 Megaricae

480 3488 605 3550 quoqrre
635 3489 707 3532 aeae
736 3473 832 3533 veluti
854 3474 1057 3537 immersisse
1096 3494 1135 3538 eo
1168 3480 1273 3558 magia,
1301 3484 1350 3540 eet
1384 3475 1560 3550 verbimiie,

480 3575 565 3652 quod
597 3574 665 3653 ipra
699 3573 823 3654 lirrguae
859 3577 898 3638 ad
926 3580 1167 3660 plriioaopbandi
1195 3601 1284 3643 rmum
1318 3580 1456 3641 noudum
1484 3578 1559 3641 cutia

478 3678 743 3755 excultaeiuopia
765 3696 819 3741 eoa
842 3680 934 3745 laclia
954 3684 1030 3745 illuc
1051 3685 1206 3745 deducere
1227 3684 1339 3764 potuit
1382 3683 1492 3761 Neque
1506 3680 1561 3742 du-

479 3779 565 3847 bium
587 3785 645 3855 eat,
668 3781 742 3858 quio
764 3800 815 3845 rea
836 3784 880 3845 ita
901 3804 937 3846 ec
958 3786 1081 3860 babeat,
1105 3789 1365 3867 quandoquidem¹
1381 3787 1436 3847 illa
1455 3785 1562 3849 Eubu-

478 3882 551 3945 lidie
579 3881 772 3963 sophismata
810 3885 849 3945 ed
885 3908 980 3951 uuum
1018 3891 1119 3951 omnia
1152 3891 1226 3953 inde
1265 3896 1439 3962 manarunt,
1476 3887 1561 3967 quod

480 3986 589 4053 eadem
615 3987 764 4049 vocabula
791 4007 871 4050 nuuc
901 3993 1014 4053 latiore
1044 4011 1125 4056 nunc
1145 3996 1324 4074 angulatiore
1345 4011 1439 4054 senen
1461 3990 1562 4070 posita

471 4094 552 4157 aunt
576 4105 681 4167 ‚neque
707 4109 768 4151 uua
796 4091 968 4172 eademque
995 4095 1024 4156 vi
1051 4103 1085 4157 et
1112 4097 1337 4177 significatione
1359 4094 1559 4173 accipiuntur.

478 4192 630 4269 Quocirca
651 4198 738 4255 recte
761 4194 915 4257 dialectici
932 4199 1124 4263 recentiores
1146 4219 1183 4259 ea
1204 4200 1377 4261 iudicarunt
1399 4205 1469 4258 orta
1492 4213 1563 4259 eoae

478 4311 537 4373 per
567 4293 720 4357 uinctam
748 4318 766 4357 a
797 4299 881 4361 dicto
909 4303 1078 4373 oenomelum
1099 4303 1222 4383 ailquid
1242 4304 1282 4363 ad
1304 4303 1421 4363 dictum
1443 4298 1562 4381 simpli-

478 4398 574 4471 citer,
602 4416 692 4476 quam
721 4417 832 4460 vocare
861 4412 1096 4468 conarievcrunt.
1153 4408 1294 4467 Breviter
1326 4425 1425 4484 nuper
1455 4406 1495 4464 de
1522 4403 1560 4465 iie

478 4507 623 4578 expoauit
637 4501 789 4579 Deykaiua
811 4502 832 4562 i.
845 4503 865 4563 l.
885 4523 914 4582 p.
927 4506 1042 4588 bsseqq.
1065 4528 1188 4571 ceueaae
1210 4528 1317 4569 eorum
1340 4517 1434 4586 atque
1456 4508 1561 4567 iontea

478 4604 634 4666 aubtiliter
647 4603 775 4664 rimatur
793 4610 841 4664 eet
856 4604 985 4671 laeobua
998 4610 1191 4673 Faccivlatua
1208 4615 1351 4685 Acronaa.
1365 4610 1560 4687 Dialecticar.
