3775 5442
376 668 417 731 ltl
707 665 792 725 Liber
812 666 933 742 primus.
975 663 1075 725 Sectis
1097 668 1119 726 l.

374 837 556 903 universalis
584 837 687 913 notio,
721 854 813 917 quem
842 835 997 900 ruentibus
1019 838 1136 900 nostris
1158 839 1362 920 concipimus,
1394 858 1455 901 uns

373 949 423 1004 est
450 948 544 1021 etque
572 941 717 1020 simplex,
746 939 790 1000 its
816 939 890 1015 ille,
929 939 1096 1020 queunte
1117 942 1229 1004 monus
1250 942 1381 1004 notium
1402 960 1454 1004 ex-

330 1040 333 1044 ’
372 1050 494 1106 teroem
515 1061 638 1124 quoqne
660 1041 801 1104 attribuit
821 1043 1002 1118 scritstem,
1030 1044 1122 1106 etism
1144 1041 1261 1109 οὐσίαν
1282 1047 1380 1126 ipsum
1401 1064 1456 1107 so-

372 1148 433 1211 luit
453 1167 544 1209 unsm
566 1165 637 1207 esse
656 1145 812 1224 nullisque
832 1145 943 1207 formis
958 1151 1012 1208 sut
1021 1148 1264 1226 proprietatibus
1279 1147 1455 1209 distinctum

373 1255 407 1313 et
427 1250 524 1312 selrsti
545 1255 694 1311 orontem.
737 1247 849 1310 Fuisse
868 1248 950 1309 irsnc
976 1249 1074 1330 ipsios
1096 1252 1279 1313 sententium
1300 1256 1456 1312 testantur

373 1353 517 1416 mrsiculi
539 1350 582 1414 ut
597 1358 630 1414 et
643 1371 709 1433 sqq.
732 1352 815 1434 sputi
829 1352 1041 1414 Brsnsllsiomr
1092 1345 1223 1417 Ταύτὸν
1245 1350 1271 1417 δ’
1282 1353 1350 1417 ἐστὶ
1367 1360 1456 1417 νοεῖν

373 1455 488 1519 τεκαὶ
510 1447 641 1518 οὕνεκὲν
662 1458 752 1518 ἐστιν
774 1448 893 1535 νόημα.
942 1449 989 1518 Ov’
1012 1447 1077 1539 γὰρ
1100 1446 1178 1519 ἄνευ
1193 1457 1253 1521 τοῦ
1274 1456 1398 1529 ἕοντος,
1420 1459 1456 1518 ἐν

373 1546 402 1640 ᾧ
430 1558 678 1644 πεφατισμένον
707 1556 811 1631 ἐστὶν,
853 1550 1015 1643 Eloquere
1045 1549 1085 1621 τὸ
1113 1566 1219 1621 νοεῖν·
1265 1555 1361 1622 οὐδὲν
1388 1550 1454 1640 γὰρ

373 1661 463 1723 ἔστιν
484 1649 506 1736 ἢ
528 1658 622 1723 ἔσται
647 1650 747 1722 ’Άλλο
770 1650 875 1743 πάρεξ
897 1661 958 1721 τοῦ
980 1653 1103 1735 ἐόντος.
1137 1662 1249 1742 qulbus
1271 1661 1382 1740 cuique
1403 1679 1455 1721 co-

372 1762 516 1844 gitetioul
542 1761 659 1841 sliquisl
685 1761 858 1823 subiectum
881 1779 967 1835 csse,
997 1762 1081 1841 quod
1102 1781 1210 1824 msere
1231 1764 1290 1840 sit,
1317 1763 1455 1826 luculen-

272 1912 274 1915 -
372 1867 492 1929 tissime
513 1865 689 1927 declaravit.
732 1841 836 1940 litque
856 1862 929 1923 hinc
950 1860 1044 1923 isclle
1066 1865 1279 1944 cognoscitur,
1311 1886 1368 1927 our
1388 1886 1457 1928 esse

372 1976 467 2050 stque
488 1969 630 2048 cogitare
650 1965 727 2026 nihil
748 1963 878 2026 differre
898 1963 1099 2028 iuslicsverit=
1127 1966 1160 2027 isi
1182 1967 1266 2046 quod
1293 1986 1328 2029 v..
1343 1968 1386 2029 47
1408 1987 1454 2048 sq.

373 2075 419 2136 sic
440 2071 600 2132 eouutist:
648 2060 724 2152 Χρὴ
747 2058 786 2129 τὸ
811 2065 917 2148 λέγειν
938 2088 974 2130 τε
995 2076 1084 2132 νοεῖν
1105 2061 1197 2131 τ’ὲὸν
1219 2069 1362 2152 ἔμμεναι·
1385 2071 1457 2133 ἔστι

373 2167 439 2258 γὰρ
473 2168 566 2256 εἶναι.
615 2170 694 2232 Nem
721 2171 766 2233 its
791 2167 870 2232 lineo
889 2169 1061 2231 scribendo
1086 2171 1230 2233 videntur
1255 2172 1348 2252 vulgo
1369 2174 1456 2256 turpi

373 2295 482 2340 errore
503 2274 730 2337 commaculata.
773 2273 926 2336 Nimirum
957 2291 1013 2334 eos
1039 2274 1117 2336 illud
1147 2293 1237 2336 soum
1258 2276 1378 2337 censuit
1398 2296 1456 2357 per

373 2380 476 2443 omnis
496 2384 605 2459 petere
627 2382 721 2456 etque
734 2377 835 2462 ,omni
856 2376 934 2438 odeo
958 2376 1140 2458 cogitetioui
1160 2377 1305 2455 subesse,
1334 2383 1369 2441 ut
1388 2381 1457 2443 siue

372 2483 434 2546 lsoc
465 2500 506 2543 nc
540 2480 603 2542 «lici
635 2480 760 2559 quidem
793 2480 962 2561 cogiterire
989 2480 1156 2561 quidquem
1184 2481 1309 2543 omnino
1338 2468 1455 2564 pos‘set.

371 2606 400 2648 r.
420 2585 569 2647 Kussrsu
590 2585 637 2644 lle
651 2584 836 2646 Parmenide
847 2605 878 2664 p.
892 2582 956 2645 192
969 2602 1014 2662 sq.
1060 2582 1211 2661 Quoniam
1225 2589 1328 2645 sutem
1341 2579 1455 2658 οὐσίας

371 2688 533 2751 notionem
554 2688 631 2748 vidit
645 2688 747 2748 snimo
760 2693 881 2749 tontum
895 2694 990 2766 stque
1003 2691 1108 2746 mente
1119 2686 1239 2768 concipi
1250 2703 1456 2767 poscensque

373 2791 467 2854 etism
489 2790 547 2851 sub
569 2807 694 2850 mosum
716 2790 897 2852 ullomodo
919 2790 1048 2865 molere,
1070 2795 1238 2869 propterea
1259 2790 1342 2866 eius,
1370 2792 1455 2870 quod

372 2911 447 2956 vere
469 2898 568 2968 emet,
591 2892 799 2972 cognitionem
820 2893 875 2954 uni
894 2892 992 2953 menti
1014 2897 1047 2953 et
1067 2892 1182 2954 reticui
1202 2892 1330 2968 tribrsit3
1356 2896 1456 2956 sensi-

372 2999 431 3084 bus
453 2995 592 3058 veritatis
612 2995 760 3058 iudicium
774 2995 899 3075 eripuit,
921 2995 964 3056 ite
977 2995 1112 3074 quisiem,
1134 3001 1170 3057 ut
1184 2995 1222 3058 ils
1241 2998 1455 3059 tantummodo

371 3101 521 3164 incertam
544 3099 696 3177 quendem
717 3097 871 3177 opinionis
893 3099 1028 3179 speciem
1050 3114 1086 3158 sc
1106 3082 1205 3160 ssimi
1223 3099 1364 3160 omium
1381 3101 1455 3161 rell-

372 3204 476 3283 quissc
505 3201 655 3261 violentur.
706 3199 752 3260 ue
779 3218 838 3278 qus
865 3217 902 3262 rc
928 3199 990 3262 vid.
1012 3199 1143 3261 Brnnlis
1164 3217 1195 3280 p.
1211 3200 1274 3263 148
1291 3220 1359 3282 sqq.
1381 3204 1452 3268 coll.

371 3306 456 3368 sexo.
477 3303 543 3365 vu.
565 3301 636 3364 111.
679 3300 769 3381 erog.
789 3302 868 3364 niu
890 3302 943 3364 ον.
985 3302 1142 3365 Plutarch.
1168 3321 1217 3382 ψ.
1239 3304 1453 3372 suaeuis.
1500 3290 1504 3298 '

370 3410 474 3486 Atque
494 3406 543 3466 his
563 3404 607 3465 its
625 3403 792 3484 exploretis
806 3407 920 3487 sluplex
931 3407 1041 3470 sutuit
1054 3424 1122 3469 esse
1133 3423 1229 3485 genus
1251 3408 1407 3471 scientiae·
1420 3417 1455 3472 et

372 3509 573 3590 cognitionis:
593 3509 735 3585 sitorum,
758 3509 842 3588 quod
857 3509 947 3570 unice
959 3509 998 3570 cd
1011 3509 1089 3569 illul
1101 3509 1285 3588 pertineret,
1304 3514 1388 3592 quosi
1400 3514 1454 3574 sb·
1503 3591 1505 3595 Α

371 3616 476 3678 solute
488 3618 570 3674 esset
587 3610 717 3690 soloque
734 3619 839 3674 mente
851 3613 1184 3693 comprehenderetur3
1206 3614 1348 3693 sltcrnm,
1369 3617 1453 3695 quod

371 3719 631 3796 complecteretur
642 3715 766 3779 res'suls
781 3735 891 3780 sensus
905 3717 1071 3793 sublectos,
1093 3717 1240 3798 quodque
1258 3718 1337 3779 nihil
1348 3717 1454 3780 silice-

370 3827 421 3884 ret
436 3811 495 3883 uisi
512 3814 616 3896 δόξαν
629 3818 796 3899 quendem,
817 3820 880 3883 lioo
895 3825 955 3895 cst,
976 3819 1126 3882 incertum
1144 3820 1362 3901 opinationem.
1405 3819 1454 3881 lle

371 3944 432 4006 qus
460 3943 497 3985 re
526 3922 637 3984 cecinit
656 3941 703 3984 ss.
724 3921 884 3989 29-88.
905 3942 955 4004 sp.
976 3924 1134 4000 Erculis,
1163 3924 1218 3986 nbi
1237 3941 1307 3985 mes
1327 3921 1452 4002 qiudem

371 4027 525 4091 sentertls
547 4046 574 4087 s.
587 4025 638 4088 et.
660 4026 826 4106 legendum
854 4031 921 4089 este
952 4019 1056 4108 μόνος
1084 4025 1119 4091 δέ
1150 4049 1186 4108 γε
1213 4025 1329 4109 μῦθος
1358 4021 1452 4088 ὁδοῖο

371 4130 532 4203 λείπεται,
567 4130 658 4192 sicuti
686 4136 735 4192 est
761 4149 789 4193 s.
807 4128 850 4191 58
870 4147 917 4208 sq.
945 4147 1039 4208 quum
1059 4130 1152 4209 vulgo
1174 4121 1290 4210 θνμός
1310 4129 1343 4190 ἱιι
1363 4128 1472 4190 libris.

370 4232 617 4295 circumferetur.
659 4234 767 4314 ltsque
787 4233 881 4295 etism
902 4231 1046 4294 carminis
1068 4223 1307 4318 resolutiores,
1332 4231 1452 4310 inquo
1521 4247 1524 4251 ·

372 4353 493 4398 omnem
515 4336 688 4399 ‹lontrinsm
708 4353 796 4397 susm
818 4333 998 4412 enpilcssit,
1031 4334 1108 4396 «iuss
1128 4333 1206 4396 fecit
1226 4340 1347 4414 portes,
1375 4352 1453 4414 qus-

370 4458 440 4500 rom
462 4439 560 4502 altere
582 4437 642 4500 iult
663 4438 705 4499 sle
725 4437 793 4498 eius
805 4436 890 4514 quosi
907 4455 982 4499 sere
998 4443 1082 4500 eust
1095 4443 1204 4500 usturs
1218 4442 1251 4498 et
1263 4437 1451 4519 cognitione,

370 4541 470 4603 nitere
491 4541 532 4603 sie
552 4541 703 4626 sepientis
724 4538 930 4619 exopinlone
950 4559 1138 4621 persensus
1159 4547 1192 4604 ct
1209 4540 1453 4605 uerisimilitudi-

370 4661 440 4706 nem
463 4647 602 4708 oriundo„
645 4644 681 4707 lsl
702 4643 787 4724 quoii
808 4660 827 4703 e
848 4660 946 4709 reru.
966 4643 1118 4707 24-80.
1140 4664 1189 4726 sp.
1210 4643 1323 4710 llrsni.
1345 4647 1451 4710 doris·
