3775 5442
386 677 472 772 Ι454
833 674 1078 736 Petronis

408 842 495 911 ἀλλά
518 849 592 937 περὶ
613 842 716 910 ἄλλου
740 869 798 910 του
812 843 830 908 ὁ
844 842 960 930 λόγος,
983 841 1057 908 οὐδὲ
1077 845 1301 933 φθέγγεσθαι
1316 844 1365 910 δεῖ
1380 842 1496 910 οὐδέν·

408 945 553 1016 uidisti
575 943 614 1015 ἓν
636 954 740 1014 ἐκεῖνο
768 950 826 1012 καὶ
851 942 897 1032 μὴ
926 940 1011 1011 ἀλλο
1039 940 1213 1011 ὑπόκειται
1238 940 1284 1028 μὴ
1307 944 1406 1024 εἶναι,
1437 952 1498 1014 καὶ

408 1057 470 1118 aas*
498 1056 622 1119 ἐκείνου
651 1053 709 1116 καὶ
738 1043 849 1114 ἀλλων
876 1049 1010 1113 πολλῶν
1044 1042 1176 1131 ἀνάγκη
1212 1047 1303 1131 αὐτῷ
1337 1060 1496 1130 μετεῖναι.

408 1156 483 1220 Καὶ
503 1150 592 1220 πάνν
614 1179 658 1240 γε.
703 1154 776 1218 Καὶ
803 1145 1006 1234 ἀνομοιότης
1034 1145 1091 1236 ἄρ’
1114 1152 1206 1215 ἔστιν
1229 1148 1322 1235 αὐτῷ
1343 1145 1428 1237 πρὸς
1451 1148 1496 1219 rei

409 1251 506 1322 ἀλλα.
549 1252 593 1320 ssi
622 1250 687 1344 γάρ
715 1249 817 1332 ἀλλα,
845 1258 906 1319 τοῦ
936 1250 1009 1329 ἑνὸς
1033 1258 1129 1337 ἕτερον
1158 1246 1257 1332 ὄντα,
1286 1258 1415 1341 ἑτεροῖα
1438 1258 1498 1322 καὶ

411 1358 460 1439 εἴη
483 1352 536 1424 ἀν.
580 1360 659 1424 Ναί.
710 1352 760 1422 Tei
791 1356 824 1421 δ’
856 1362 987 1444 ἑτεροῖα
1016 1352 1075 1421 οὐκ
1103 1353 1244 1431 ἀλλοῖος
1274 1358 1355 1433 Πῶς
1378 1355 1410 1421 δ’
1435 1352 1496 1436 οὕς

379 1444 466 1529 ΒΤά
489 1459 521 1525 δ’
545 1459 667 1526 ἀλλοῖοι
695 1459 755 1526 οὐκ
783 1455 948 1543 ἀνόμοιος
974 1451 1134 1541 ’Λνόμοιο
1159 1461 1220 1541 μὲν
1249 1449 1316 1524 οὖν.
1366 1457 1498 1528 Οὐκοῦν

408 1560 496 1649 εἴπερ
520 1566 567 1647 τῷ
590 1565 636 1628 ἑνὶ
658 1559 804 1648 ἀνόμοιά
827 1568 911 1636 ἐστι,
933 1559 1036 1639 δῆλον
1058 1553 1112 1624 ότι
1131 1558 1280 1645 ἀνομοίῳ
1302 1557 1347 1625 τά
1360 1586 1397 1645 γε
1416 1558 1496 1629 ἀνό-

407 1690 491 1750 μοιοι
512 1662 658 1750 ἀνόμοιοι
680 1654 723 1732 ἀν
746 1664 802 1746 εἴη.
832 1666 950 1745 Δῆλον.
984 1660 1049 1742 Eis]
1072 1657 1112 1743 δὴ
1134 1657 1178 1730 ἀν
1200 1666 1325 1747 καὶτῷ
1348 1667 1395 1728 ἑνὶ
1417 1662 1495 1730 ἀνο·

407 1764 564 1852 μοιότης,
593 1763 678 1855 πρὸς
698 1764 741 1848 ἣν
761 1763 806 1832 soi
828 1761 915 1830 ἀλλα
936 1761 1083 1848 ἀνόμοιοι
1106 1766 1198 1849 αὐτῷ
1220 1771 1317 1831 ἐστίν.
1356 1759 1496 1834 Ἔοικεν.

408 1874 452 1935 Ei
480 1871 515 1935 δὲ
542 1872 582 1950 δη
612 1877 677 1934 τῶν
706 1863 816 1934 ἀλλων
844 1865 1047 1951 ἀνομοιότης
1078 1870 1167 1932 ἔστιν
1196 1867 1303 1952 αὐτῷ,
1339 1859 1399 1955 ἀρ’
1432 1868 1495 1937 οὐκ

409 1970 540 2057 ἀνάγκη
564 1976 682 2037 ἑαυτοῦ
705 1967 890 2055 ὁμοιότητα
904 1969 996 2053 αὐτῷ
1015 1967 1116 2045 εἶναι;
1138 1973 1239 2048 Πῶςς
1260 1974 1304 2037 Ei
1321 1967 1394 2049 ἑνὸς
1416 1972 1494 2041 ἀνο·

408 2071 548 2160 μοιότης
570 2077 640 2139 ἔστι
661 2076 709 2156 τῷ
731 2076 788 2148 ἑνί,
810 2071 869 2138 οὐκ
890 2071 935 2138 ἀν
957 2096 1021 2137 τιον
1044 2075 1117 2157 περὶ
1139 2078 1198 2137 τοῦ
1220 2071 1376 2140 τοιούτου
1398 2074 1417 2140 ὁ
1440 2072 1492 2142 λό·

408 2199 468 2259 γος
496 2175 545 2256 εἴη
578 2180 649 2241 οῖον
680 2179 740 2240 τοῦ
773 2172 863 2251 ἑνός,
897 2173 969 2241 οὐδ’
1008 2171 1051 2241 ἀν
1085 2173 1106 2255 ἡ
1140 2173 1306 2252 ἀπόθεσις
1339 2176 1387 2258 εἴη
1418 2183 1495 2264 περὶ

409 2275 498 2355 ἑνός,
540 2273 627 2342 ἀλλά
663 2280 735 2364 περὶ
769 2272 874 2342 ἀλλον
900 2272 922 2358 ἢ
951 2275 1032 2354 ἑνός.
1085 2275 1185 2344 Πάνν
1213 2306 1256 2363 γε.
1306 2279 1352 2345 Οὐ
1380 2282 1429 2347 δεῖ
1457 2283 1494 2346 δὲ

379 2388 456 2465 Gya.
505 2379 553 2446 Οὐ
579 2381 677 2461 δῆτα.
728 2381 784 2447 Δεῖ
810 2378 871 2468 ἀρ’
899 2377 1086 2462 ὁμοιότητα
1117 2388 1164 2465 τῷ
1188 2387 1233 2447 ἑνὶ
1257 2381 1362 2448 αὐτοῦ
1383 2386 1494 2467 ἑαυτῷ

408 2483 502 2552 εἶναι.
552 2484 619 2551 Δεῖ.
663 2485 735 2549 Καὶ
769 2477 837 2567 μὴν
871 2477 944 2547 οὐδ’
980 2473 1024 2549 αὖ
1058 2484 1131 2551 ἴσον
1165 2484 1200 2569 γ’
1233 2489 1303 2551 ἐστὶ
1330 2494 1402 2561 τοῖς
1431 2480 1494 2550 ἀλ-

408 2588 489 2663 λοις.
533 2591 560 2652 el
582 2582 649 2673 γὰρ
676 2586 725 2668 εἴη
754 2585 843 2663 ἴσον,
873 2584 922 2666 εἴη
945 2609 980 2651 τε
1002 2581 1045 2653 ἀν
1066 2583 1129 2669 ἤδη
1159 2591 1216 2653 καὶ
1239 2585 1355 2670 ὅμοιον
1376 2580 1419 2653 ἀν
1441 2585 1491 2667 εἴη

396 2677 525 2765 ἀὐτοῖς
546 2684 635 2754 κατὰ
656 2684 719 2769 τὴν
741 2685 890 2769 ἰσότητα.
933 2693 1042 2754 ταῦτα
1071 2688 1102 2753 δ’
1127 2687 1305 2780 ἀμφότεροι
1326 2687 1490 2767 ἀδύνατα,

494 2920 566 2978 Καὶ
587 2914 804 2994 ἀνομοιότης
824 2913 878 2995 ἀρ’
900 2892 995 2977 ἔστιν
1017 2913 1188 2994 estivei—J
1212 2916 1245 2973 λιι
1258 2917 1310 2973 illa
1325 2917 1399 2992 ipsa,
1416 2935 1490 2994 quse

408 3021 547 3078 haetenus
575 3021 772 3077 demonstrata
801 3029 862 3090 est,
891 3022 1022 3079 idearum
1050 3019 1254 3099 negationibus
1282 3019 1489 3078 determinata·

407 3140 471 3177 rum
493 3137 558 3175 eum
578 3119 747 3177 notionibus
775 3121 986 3183 affirmantlbus
1014 3124 1217 3180 eoniuuetione
1245 3142 1348 3180 caussa
1371 3134 1416 3180 est
1437 3143 1489 3200 po-

406 3224 479 3291 sita,
507 3239 559 3277 eur
585 3222 623 3298 τῷ
642 3223 681 3280 tvl
700 3221 737 3298 μὴ
758 3217 815 3282 ὄντι
841 3228 989 3284 contraria
1019 3225 1177 3283 attribuere
1205 3229 1301 3284 liceat.
1344 3225 1489 3285 Nimirum

405 3333 500 3399 potest
521 3325 600 3383 istud
623 3325 650 3383 ἓν
671 3327 729 3383 iam
750 3329 798 3384 vel
820 3347 870 3403 per
893 3349 924 3386 se
948 3330 1040 3386 solum
1063 3331 1207 3405 spectari,
1239 3334 1287 3389 vel
1308 3348 1374 3387 oum
1395 3332 1488 3388 altero

405 3427 535 3485 idearum
556 3448 663 3505 genere
685 3433 857 3507 comparari.
902 3432 1027 3509 Exque
1049 3432 1101 3504 lit,
1123 3443 1156 3489 ut
1178 3435 1205 3490 ei
1226 3434 1361 3508 deinceps
1383 3431 1489 3490 simili·

405 3530 474 3587 tudo
500 3540 530 3587 et
552 3532 773 3608 dissimilitudo,
800 3537 962 3612 aequalitas
984 3547 1014 3593 et
1035 3538 1244 3612 inaequalitas,
1265 3534 1438 3615 magnitudo
1459 3544 1489 3591 et

403 3633 552 3707 parvitas,
582 3631 661 3693 οὐσία
684 3647 713 3693 et
734 3634 827 3707 οὐσίας
854 3640 1001 3711 absentia,
1031 3649 1127 3696 motus
1156 3650 1184 3694 et
1213 3648 1325 3709 status,
1354 3648 1437 3695 ortus
1459 3647 1488 3695 et

403 3734 539 3792 interitus
561 3738 733 3801 vindicetur.
778 3743 861 3809 Quod
884 3762 940 3818 quo
962 3743 1047 3801 modo
1070 3741 1132 3815 fiat,
1153 3743 1185 3799 in
1198 3741 1415 3820 Prolegomeuis
1434 3761 1486 3799 ex·

404 3839 575 3910 plicavimus
597 3842 752 3914 copiosius.

487 3940 519 3999 B.
563 3941 579 4001 ό
601 3943 706 4020 λόγος
726 3949 780 4018 εἴη
802 3948 880 4004 oi'ou
902 3947 966 4006 τοῦ
986 3947 1097 4030 inoffi]
1120 3947 1193 4006 Nam
1215 3949 1262 4005 vel
1285 3947 1350 4004 idea
1372 3964 1486 4025 negau-

402 4039 440 4099 do
463 4042 546 4100 linita
568 4047 623 4104 sibi
646 4066 758 4123 temper
779 4048 865 4109 debet
886 4061 1021 4109 constare
1048 4061 1133 4128 atque
1155 4071 1218 4108 esse
1241 4049 1410 4124 aequabilis.
1452 4046 1486 4106 lu

403 4151 620 4207 construetione
641 4171 678 4209 ne
699 4151 838 4225 haerese,
868 4156 1025 4222 contulisse
1048 4154 1160 4213 iuvabit
1182 4153 1333 4211 Mottlts'os
1355 4151 1408 4209 Gr.
1432 4150 1485 4210 Gr.

403 4244 431 4326 ξ.
453 4252 525 4307 473.
547 4253 577 4312 2.
1409 4256 1414 4263 ’

487 4351 519 4414 C.
563 4361 669 4429 εἴητε
690 4355 826 4432 deiide,
854 4362 915 4419 καὶ
937 4361 1062 4438 ὅμοιον
1083 4360 1121 4420 ἀν
1142 4357 1275 4437 sin—J
1310 4359 1350 4423 Η.
1374 4377 1399 4415 ο.
1422 4360 1484 4416 s'tm

401 4453 579 4524 affirmante
603 4462 782 4536 praedicato
811 4473 950 4520 ονιιοιιιιιι
972 4475 1059 4526 esset.
1102 4463 1178 4522 Nam
1199 4462 1361 4524 similitudo
1383 4471 1414 4518 et
1435 4479 1485 4519 se·

402 4556 526 4625 qualitas
548 4561 574 4614 ei
598 4562 804 4634 tribuerentur,
827 4566 855 4620 id
878 4565 954 4641 quod
976 4577 1093 4646 propter
1116 4570 1207 4644 ipsam
1228 4590 1243 4625 τ

402 4677 444 4720 ιος
466 4667 598 4718 naturam
622 4663 685 4720 fieri
708 4668 788 4723 nullo
811 4667 894 4725 modo
920 4679 1037 4742 potem

288 4766 413 4820 A
