3775 5442
642 612 727 673 muer
748 611 900 674 aecunrlaa.
944 609 1044 677 Sentio
1061 585 1101 673 ll.
1356 611 1419 673 209

339 785 401 847 alia
431 801 536 845 eornm
570 785 650 848 ratio
684 791 749 859 eat,
782 785 835 864 qul
872 790 972 848 totum
1006 802 1179 848 termonem
1214 746 1315 846 laeam
1348 802 1419 847 eaae

339 888 533 950 dialecticum
555 897 751 961 censuerunt,
775 907 835 966 quo
848 887 1046 950 Parmenides
1073 886 1209 968 indiguia
1231 886 1332 949 modia
1353 889 1417 967 ple·
1500 894 1507 909 ‘

339 999 486 1055 ctaretnr.
551 993 627 1053 Nam
655 993 799 1054 viderunt
827 991 951 1068 quidem
979 991 1043 1065 illi,
1079 992 1240 1051 dialectica
1267 991 1419 1070 disputari

338 1097 522 1176 inaignlter3
550 1094 607 1156 aed
633 1095 709 1174 quid
734 1093 808 1154 lauic
836 1094 1017 1156 dialecticae
1039 1101 1123 1160 earet
1144 1095 1357 1174 propositum,
1385 1094 1418 1157 ld

338 1219 414 1261 vero
436 1201 561 1260 minime
582 1204 779 1277 perspectam
802 1198 986 1260 habueruut.
1030 1200 1195 1278 Aliquanto
1217 1200 1329 1260 mellan
1350 1217 1418 1259 ver-

327 1304 399 1364 ⁸cati
426 1312 513 1374 cunt,
543 1303 594 1380 qul
623 1302 796 1380 exemplum
826 1301 981 1379 quoddam
1011 1302 1190 1363 dialecticae
1215 1302 1417 1381 perfeetionis

338 1409 372 1465 et
393 1404 597 1466 absolutionis
618 1406 650 1466 in
674 1402 860 1465 Parmeulde
881 1404 1035 1465 contineri
1055 1409 1212 1483 putarunt,
1234 1423 1429 1491 quamquam⁵

336 1524 379 1567 ne
405 1507 438 1567 hi
466 1507 591 1587 quidem
620 1526 725 1571 verum
748 1509 873 1570 omnino
895 1512 1129 1588 perspexerunt.
1182 1507 1334 1571 lt'lmirum
1355 1528 1418 1570 non

338 1610 595 1673 demonstrarunt
616 1612 680 1685 illl,
708 1610 782 1691 qnid
804 1610 929 1671 tandem
958 1615 1043 1697 caact
1070 1609 1153 1689 quod
1185 1609 1326 1688 perlecta
1357 1612 1419 1674 lata

336 1711 501 1775 dialectica
529 1713 722 1791 efficeretur,
752 1721 785 1776 ct
805 1714 838 1774 in
860 1733 920 1774 una
943 1713 1020 1774 artie
1041 1713 1260 1774 exercitatione
1282 1719 1419 1776 contem·

334 1816 454 1896 pianda
476 1816 689 1879 aubassterunt.
747 1819 790 1879 Εἴ
810 1826 913 1879 tamen
935 1816 1096 1979 latendr
1118 1820 1166 1879 eat
1186 1817 1218 1876 in
1241 1816 1301 1881 lroc
1323 1833 1420 1896 opere

333 1938 443 1979 reram
466 1919 569 1981 ineaae
596 1918 804 1993 dialecticam,
826 1920 956 1999 eiuaque
977 1937 1052 1996 quae
1087 1920 1243 1999 exemplar
1264 1920 1419 2000 quoddam

336 2022 489 2085 exhiberi.
543 2021 621 2085 Nam
650 2041 742 2100 quum
764 2020 901 2084 Platonis
931 2017 1108 2116 dialeptlca,
1135 2030 1171 2083 ut
1192 2029 1282 2084 autea
1302 2025 1419 2087 dictam

337 2134 399 2201 eat,
427 2144 489 2187 non
517 2132 637 2187 tantum
672 2126 783 2189 mentia
818 2125 978 2199 notionea,
1013 2125 1069 2187 aed
1099 2126 1192 2187 etiam
1220 2144 1324 2187 rerum
1357 2126 1418 2188 alm

336 2235 541 2306 naturamque
562 2230 814 2309 complectatur,
857 2229 1001 2308 quonlam
1038 2228 1151 2308 duplex
1189 2236 1239 2291 cat
1276 2230 1418 2290 idearum

336 2333 475 2412 lpaarrrm
498 2337 617 2404 natura,
640 2332 740 2411 logica
761 2334 870 2406 altera,
892 2333 993 2393 altera
1014 2332 1234 2412 metaphysica,
1256 2331 1348 2396 facila
1369 2339 1419 2394 eat

338 2435 380 2497 ad
400 2435 645 2510 existimandum,
667 2454 737 2496 cum
759 2435 812 2515 qui
833 2434 973 2496 idearum
995 2434 1134 2495 indolem
1154 2441 1356 2516 naturamque
1374 2435 1419 2496 ita

337 2544 563 2617 perscrutetur,
590 2544 626 2598 ut
646 2537 738 2599 aimul
759 2555 864 2598 rarum
886 2556 924 2598 en
943 2537 982 2597 ila
1004 2536 1205 2615 pendentium
1234 2537 1348 2601 micat
1367 2558 1418 2600 ra·

337 2641 468 2715 tionem,
489 2642 596 2718 utiquc
617 2639 750 2718 perlecti
772 2639 926 2700 dialectici
950 2657 1060 2700 manua
1082 2638 1216 2718 explere.

426 2742 539 2805 Verum
562 2742 763 2804 haecomnia
785 2759 846 2820 qao
868 2740 939 2819 plna
966 2739 1044 2801 lncle
1073 2741 1238 2821 accipiant,
1271 2744 1418 2805 nonnulla
1499 2818 1503 2826 .

340 2847 383 2908 dc
397 2839 535 2908 doclrina
555 2844 694 2903 idearum
706 2843 864 2904 Platonica
885 2842 1056 2903 adiicienda
1076 2843 1234 2904 videntur:
1257 2862 1346 2921 qnam
1366 2847 1420 2924 qul

341 2965 405 3009 non
425 2955 617 3027 perspectam
643 2945 777 3021 habent,
807 2946 829 3007 il
857 2964 898 3007 ne
918 2945 973 3007 illa
994 2944 1118 3022 quidam
1140 2947 1313 3025 percipient
1333 2949 1420 3026 peni·

340 3057 392 3114 tua
413 3061 505 3130 atque
526 3050 710 3129 intelligent.
772 3050 901 3112 dccadit
928 3049 1011 3129 quod
1033 3047 1111 3109 haec
1131 3049 1199 3128 ipsa
1220 3050 1360 3111 doctrina
1382 3057 1420 3113 ex

336 3155 388 3229 iia,
416 3175 496 3234 quae
524 3173 617 3233 cupra
645 3155 784 3235 exposita
811 3153 1065 3226 aunt,.uonnilril
1093 3154 1270 3229 emendari,
1299 3155 1419 3234 pertici,

336 3257 488 3320 fflmami
510 3257 637 3337 poterit,
659 3264 695 3320 ut
712 3257 808 3319 etlam
832 3258 892 3317 lroc
913 3257 1038 3319 nomme
1059 3274 1121 3344 non
1143 3257 1276 3320 alienum
1298 3259 1337 3320 ab
1360 3259 1421 3324 laon

337 3360 410 3422 loco
432 3360 585 3432 videatur,
609 3363 715 3445 poncia
737 3363 777 3422 de
798 3380 836 3422 ea
856 3361 1025 3439 disputare.

425 3464 642 3542 Quaerendum
671 3471 772 3525 autem
802 3463 854 3527 hic
881 3469 953 3524 ante
981 3462 1083 3524 omnia
1104 3467 1163 3533 eat,
1187 3463 1330 3539 quidnam
1352 3472 1420 3527 tan·

338 3566 411 3628 darn
426 3565 549 3627 Platoni
570 3566 660 3627 idcae
680 3566 807 3627 fuerint.
851 3567 929 3627 Nam
950 3583 991 3626 ue
1011 3563 1071 3625 laac
1092 3564 1217 3644 quidem
1239 3567 1337 3628 dere
1359 3587 1419 3631 una

338 3687 465 3750 [emper
496 3677 588 3748 atqua
614 3669 810 3731 consentiens
841 3668 1005 3730 doctorum
1032 3668 1190 3729 hominum
1213 3670 1318 3749 opinio
1339 3672 1420 3743 luite

337 3793 375 3834 ac
395 3790 496 3852 nuper
516 3773 639 3834 demum
663 3773 840 3847 extiterunt,
863 3774 916 3851 qul
936 3771 1039 3851 ipanm
1061 3773 1139 3835 adeo
1152 3773 1250 3834 lleum
1268 3773 1300 3833 in
1319 3773 1419 3834 ideam

337 3882 571 3938 commutatum·
590 3878 681 3942 irent,
723 3877 768 3938 dc
794 3895 853 3937 noa
880 3875 1005 3954 quidem
1033 3876 1123 3957 plane
1152 3874 1242 3936 uobis
1265 3877 1420 3953 percura*-

337 3997 419 4052 mua,
442 3977 529 4040 ldeaa
551 3980 718 4041 secundnm
741 3978 918 4058 plrlloaoplri
939 3981 1123 4041 seutentiam
1144 3978 1220 4039 uilrll
1243 3993 1313 4037 ecre
1325 3975 1420 4050 aliud,
1499 3994 1508 4022 ι

338 4081 400 4143 nial
421 4085 626 4160 sempiternae
647 4080 780 4142 numinis
803 4082 896 4143 divini
917 4085 1131 4163 cogitationes,
1151 4082 1183 4142 in
1205 4081 1317 4160 quibua
1337 4082 1421 4143 lueet

337 4184 408 4265 ipna
433 4205 538 4247 rerum
566 4186 716 4258 canentia,
743 4185 787 4245 lta
807 4183 949 4262 quidem,
979 4191 1014 4246 ut
1036 4184 1141 4261 qualea
1161 4202 1213 4246 rea
1234 4184 1420 4265 cogitantur,

337 4291 420 4352 talea
442 4290 535 4351 etiam
556 4289 619 4350 aiut
640 4295 673 4350 et
693 4290 723 4349 vi
743 4307 801 4350 ana
820 4288 997 4349 consistant.
1020 4284 1154 4353 llulrlum
1173 4288 1254 4348 enlm
1276 4304 1339 4346 non
1360 4292 1420 4363 eat,

338 4393 415 4473 qnia
427 4391 528 4465 Plato,
541 4392 754 4474 Pythagoreos
769 4396 894 4454 aecutna
916 4392 1011 4452 duces
1033 4390 1222 4470 maximeque
1234 4389 1419 4465 Philebum,

338 4496 396 4580 qni
422 4494 512 4556 linito
541 4501 573 4556 et
599 4495 720 4559 intinlto
750 4497 915 4569 elemento,
947 4494 1031 4556 nuda
1058 4491 1161 4555 omnia
1185 4482 1419 4574 generarentur,

337 4618 481 4664 numam
502 4598 646 4680 aliquam,
667 4594 708 4662 τὸ
732 4594 850 4671 αἴτιον,
870 4596 1100 4679 praeficiebant,
1122 4615 1272 4661 rammam
1294 4596 1420 4679 aliquod
