3775 5442
707 632 793 692 biber
813 636 933 715 primus.
977 635 1077 695 Statio
1100 637 1134 696 ΙΙ.
1432 641 1474 701 53

377 803 561 878 inducitur,
580 802 639 881 qui
660 810 790 883 propter
811 807 885 867 artis
907 806 1087 871 dialecticae
1109 809 1261 871 inscitiam
1278 809 1472 872 subtilissimi

379 905 591 985 disputatoris
620 906 829 969 dubitationes
849 927 912 971 non
933 917 1040 990 potest
1059 913 1201 974 reiutare
1222 919 1316 992 atque
1332 913 1471 974 idearum

379 1010 548 1090 doctrinae
576 1028 715 1071 αιιιιιιιι
741 1010 803 1072 rite
824 1018 1017 1090 sustentare,
1051 1036 1088 1077 ea
1114 1036 1166 1091 re,
1200 1016 1260 1079 nisi
1282 1036 1471 1098 magnopere

378 1112 494 1188 fallor,
517 1113 607 1175 l’lato
630 1113 805 1192 significare
832 1117 944 1192 soluit,
979 1118 1157 1180 istiusmodi
1179 1100 1388 1180 dubitationes
1410 1121 1470 1180 trti-

379 1234 442 1296 qne
457 1214 574 1276 cadere
585 1215 618 1277 in
632 1216 804 1278 inchoatam
819 1224 937 1282 tantum
949 1223 1122 1299 rudemque
1137 1222 1306 1283 doctrinam
1318 1223 1469 1296 idearum,

379 1320 506 1399 qualem
529 1318 666 1381 fortasse
686 1322 755 1402 ipse
772 1324 846 1384 olim
864 1323 1046 1385 adolescens
1060 1325 1267 1400 condidisset,
1290 1325 1469 1404 neutiquam

380 1430 488 1485 antem
517 1426 692 1486 contenire
709 1427 742 1487 in
767 1426 939 1506 perlectam
967 1429 1094 1506 srdsque
1114 1429 1287 1490 rationibus
1309 1447 1370 1508 ope
1392 1430 1468 1489 artis

381 1527 567 1589 dialecticae
597 1524 766 1589 stabilitam
801 1535 833 1589 et
865 1528 1076 1590 confirmatam
1113 1531 1272 1593 doctrinae
1305 1533 1468 1594 rationem.

381 1631 476 1708 Quod
497 1631 527 1694 si
546 1629 631 1692 baud
653 1632 788 1693 absurde
809 1633 991 1706 statuimus,
1014 1634 1089 1712 quid
1112 1635 1151 1694 dc
1172 1639 1241 1696 toto
1263 1634 1324 1696 boc
1342 1635 1469 1696 locuta

381 1732 550 1795 dicandum
572 1734 628 1809 ait,
651 1734 821 1795 clarissime
842 1735 1015 1814 apparebit.
1058 1736 1251 1798 Elnarrantur
1266 1738 1346 1796 enim
1362 1737 1413 1796 bie
1432 1756 1468 1796 ea

382 1836 503 1911 amnia,
527 1853 607 1915 quaa
628 1838 667 1898 ab
690 1839 758 1900 allis
779 1838 975 1918 pbilosophis
998 1847 1107 1901 contra
1120 1838 1311 1900 Platonicam
1328 1841 1468 1900 idearum

381 1939 555 2001 doctrinam
577 1947 667 2002 erant
688 1941 861 2021 disputata,
892 1959 985 2021 quum
1007 1948 1111 2005 tamen
1132 1943 1255 2023 qualem
1276 1943 1344 2022 ipse
1366 1941 1469 2022 pbilo-

383 2042 499 2122 sapbas
530 2060 602 2104 ease
630 2045 887 2107 velletidearum
909 2045 970 2105 vim
993 2050 1026 2106 et
1047 2053 1187 2106 sannam
1210 2062 1377 2124 earumque
1398 2063 1468 2105 urm

381 2148 476 2209 retus
505 2148 649 2209 sensibus
676 2148 825 2210 subiectis
847 2147 1124 2223 necessitudinem,
1157 2157 1211 2209 aut
1232 2150 1369 2211 nondum
1391 2149 1466 2208 satis

380 2250 566 2330 explicatum
589 2255 674 2310 esset
695 2258 748 2311 ant
775 2252 813 2312 ab
835 2251 1021 2313 adversariis
1047 2269 1109 2312 non
1132 2252 1289 2314 subtiliter
1311 2258 1467 2313 aceruata-

378 2374 446 2435 qne
465 2358 656 2434 perceptum.
700 2354 852 2431 Quocirca
872 2352 1077 2437 philosophus
1095 2354 1146 2414 bic
1164 2354 1310 2417 lubenter
1323 2356 1464 2436 largitur,

379 2456 591 2519 dubitationes
617 2455 688 2518 illas
715 2456 822 2536 utique
850 2458 1045 2538 gravissimas
1071 2458 1171 2539 videri
1198 2459 1314 2521 debere
1337 2459 1382 2534 ei,
1412 2456 1465 2536 qul

379 2560 518 2625 nondum
540 2559 845 2621 omnemdoetrinae
866 2560 1018 2623 rationem
1040 2563 1232 2643 perceperit,
1254 2564 1390 2641 ideoque
1407 2561 1465 2621 So-

380 2671 497 2726 cratem
520 2663 596 2724 iacit
622 2662 764 2723 iuvenem
789 2663 832 2724 ita
854 2683 925 2724 cum
947 2662 1132 2725 Parmenide
1154 2666 1398 2746 colloquentem,
1430 2671 1464 2725 ut

379 2769 454 2830 bnlc
475 2767 546 2828 iere
567 2786 624 2846 per
646 2767 749 2827 omnia
770 2767 862 2827 iacile
883 2766 1042 2829 concedat.
1084 2767 1187 2845 Atque
1208 2769 1269 2829 boc
1291 2788 1328 2828 eo
1347 2769 1463 2828 rectius

377 2872 426 2932 ita
455 2869 561 2948 potnit
590 2870 769 2945 instituere,
808 2869 891 2948 quod
924 2870 958 2928 in
988 2869 1086 2927 altera
1113 2869 1187 2928 libri
1212 2875 1317 2946 parte,
1353 2871 1463 2947 quibua

382 2973 505 3034 caussis
533 2975 622 3050 atquc
640 2970 849 3033 fundamentis
878 2971 1021 3031 universa
1049 2971 1187 3030 idearum
1216 2972 1357 3030 doctrina
1386 2972 1464 3030 uite·

380 3083 490 3149 retur,
512 3075 653 3137 subtilius
675 3076 846 3156 explicarit.
888 3075 965 3137 Nam
987 3074 1168 3154 longissime
1188 3072 1332 3152 proiecto
1350 3093 1367 3131 a
1388 3091 1462 3131 vero

378 3183 579 3254 aberrarunt,
612 3180 665 3257 qui
691 3180 723 3239 iu
752 3198 789 3239 ea
816 3179 892 3240 ntlut
919 3179 980 3240 nisi
1010 3199 1105 3259 nugas
1134 3178 1310 3245 dialecticas
1339 3176 1388 3254 agi
1411 3182 1464 3234 aut

378 3284 560 3345 subtilitatis
582 3282 761 3342 dialecticae
781 3283 938 3361 specimen
960 3282 1085 3362 aliquod
1107 3282 1240 3361 proponi
1267 3280 1463 3340 existimave-

378 3393 460 3448 runt.
512 3387 604 3464 Quod
633 3387 729 3447 marito
757 3405 845 3444 secus
868 3404 938 3445 esse
961 3405 996 3446 ac
1018 3386 1121 3464 potius
1143 3385 1281 3464 proferri
1304 3404 1355 3456 ea,
1383 3402 1461 3461 quac

377 3491 545 3571 plurimum
567 3490 688 3548 valeant
709 3489 745 3547 ad
763 3487 989 3568 infringendam
1003 3490 1063 3549 vim
1078 3507 1185 3547 eorsum
1200 3496 1460 3571 argumentorum,

377 3593 489 3673 quibus
512 3592 711 3652 Parmenides
734 3591 891 3669 inpriore
919 3593 992 3652 libri
1016 3597 1105 3670 parte
1125 3592 1265 3651 idearum
1290 3592 1459 3652 doctrinam

376 3699 407 3758 ia
431 3697 599 3757 discrimen
622 3695 763 3764 adduxit,
786 3694 946 3773 explicatis
970 3695 1110 3755 omuibus
1125 3696 1195 3754 libri
1214 3696 1352 3774 partibus
1369 3714 1459 3753 nemo

377 3807 481 3871 certe,
515 3803 551 3859 ut
577 3817 703 3878 sperare
730 3793 819 3872 licei,
850 3798 982 3876 amplius
1009 3799 1172 3861 dubitabit.
1222 3801 1322 3875 Quum
1356 3808 1459 3857 autem

377 3907 466 3966 Plato
497 3903 529 3964 in
555 3902 617 3963 boe
638 3904 718 3962 libro
740 3902 773 3961 id
795 3903 909 3980 egerit,
939 3910 975 3963 ut
996 3904 1156 3963 universae
1177 3902 1318 3962 idearum
1343 3902 1459 3962 doetri-

376 4029 434 4069 nae
456 4026 582 4068 canssaa
603 4011 636 4065 et
657 4005 794 4066 rationes
816 4004 1021 4084 patefaceret,
1043 4022 1144 4083 eoque
1161 4004 1254 4064 ruodo
1268 4006 1459 4067 adversario-

377 4133 445 4174 rum
468 4110 699 4172 criminationes
721 4111 752 4172 ln
775 4128 842 4169 mm
865 4109 1020 4169 coniectas
1042 4107 1226 4187 repelleret3
1262 4129 1317 4171 eur
1344 4128 1381 4167 ea
1408 4126 1458 4166 ar-

376 4220 539 4296 gumenta,
561 4214 674 4292 qulbus
695 4214 748 4274 isti
769 4214 916 4274 adversus
937 4214 1038 4292 ipsum
1057 4212 1103 4270 usi
1122 4219 1226 4285 erant,
1249 4218 1335 4272 tanto
1354 4210 1458 4269 studio

376 4319 556 4399 exposuerit
583 4336 620 4377 ae
641 4317 736 4377 veluti
758 4315 989 4388 examinaverit,
1013 4286 1127 4374 uemiid
1140 4315 1280 4393 cuiquam
1295 4316 1458 4374 obscurum

376 4441 448 4485 esse
475 4420 603 4502 poterit.
653 4420 728 4481 Nam
758 4422 784 4481 si
812 4419 886 4497 quid
914 4419 945 4478 in
979 4421 1017 4480 iis
1039 4419 1151 4479 callide
1177 4418 1373 4478 immutasset
1406 4422 1459 4475 aut

373 4525 591 4606 praeteriisset
614 4524 754 4599 silentio,
779 4530 865 4583 certe
883 4521 1058 4598 aetatiquam
1072 4522 1210 4581 futurum
1226 4521 1303 4594 iuit,
1329 4527 1361 4580 ut
1375 4520 1458 4597 quod

323 4690 325 4749 ᾗ
373 4631 438 4693 albi
459 4633 685 4709 proposuerat,
707 4628 771 4689 ullo
794 4625 888 4687 modo
910 4631 1071 4685 assecutus
1094 4643 1164 4684 esse
1183 4624 1348 4683 uideretur.
1382 4623 1459 4682 bam
1590 4656 1593 4663 ·
