3775 5442
481 617 523 679 54
625 589 628 596 Ι
816 618 900 677 hiber
922 620 1040 695 primus.
1083 619 1184 679 ilectlc
1206 618 1240 678 ll.

484 806 544 866 orna
566 788 688 849 tandem
711 790 832 851 ratione
853 808 924 851 eum
948 791 1105 854 videberis
1127 790 1243 851 erroris
1271 791 1450 871 coarguisse
1472 801 1567 872 atque

483 889 654 961 refutasse,
676 893 764 955 culus
786 895 971 957 sententiam
993 894 1173 977 exposueris
1193 911 1254 954 non
1271 894 1426 968 fideliter,
1448 896 1505 957 sed
1519 897 1566 957 vel

466 994 658 1078 ,omittendo
687 997 736 1059 rel
766 997 909 1060 addendo
945 998 994 1059 rel
1022 997 1257 1078 interpretando
1290 997 1568 1059 contaminaveris?

486 1097 552 1157 linc
574 1097 669 1176 igitur
690 1101 897 1182 philosophus
919 1101 988 1181 lpse
1010 1120 1103 1180 qurum
1126 1102 1243 1182 optime
1263 1100 1404 1175 sentiret,
1426 1119 1489 1162 non
1512 1103 1569 1163 du·

485 1198 612 1274 bitarit,
634 1219 672 1262 ea
693 1223 772 1283 quae
793 1204 832 1265 ab
853 1203 1039 1265 sdversarlls
1060 1209 1168 1265 contra
1190 1202 1287 1282 ipsius
1311 1203 1483 1265 doctrinam
1505 1204 1569 1265 dis-

485 1307 592 1382 putata
613 1312 717 1379 erant,
746 1324 865 1369 summa
886 1326 957 1368 cum
983 1304 1048 1366 lide
1072 1324 1219 1367 enarrer-c
1238 1311 1417 1385 tantamque
1435 1306 1473 1369 iis
1496 1326 1569 1369 con·

486 1406 592 1468 cillere
619 1408 894 1472 verisimilitudinis
924 1408 1078 1487 speciem,
1117 1413 1153 1469 ut
1183 1408 1237 1488 qui
1266 1427 1327 1470 non
1357 1410 1569 1490 percepissent

486 1526 607 1570 omnem
630 1512 677 1572 rel
698 1512 866 1587 rollonem,
889 1510 1008 1572 iuvenis
1029 1511 1168 1574 Socratis
1190 1511 1329 1591 exemplo
1351 1512 1435 1575 haud
1449 1512 1568 1574 medio-

486 1612 581 1673 criter
601 1613 640 1674 lis
662 1615 850 1677 commoveri
872 1614 1033 1679 deberent.

571 1716 634 1778 lam
663 1735 737 1778 vero
765 1718 791 1780 si
820 1736 967 1798 quaeres,
1001 1736 1020 1776 ι
1048 1718 1230 1798 quibusnam
1258 1719 1332 1780 illae
1357 1716 1567 1779 dubitationes

486 1817 648 1897 proiectae
660 1821 740 1895 sint;
763 1821 974 1883 obscuriores
994 1822 1134 1900 quaestio
1150 1828 1199 1884 est
1217 1829 1251 1882 et
1271 1822 1454 1907 intricatior,
1476 1840 1567 1901 quarn

487 1929 521 1980 nt
542 1923 583 1983 ad
604 1942 672 2006 enm
694 1925 772 1987 certi
793 1924 961 2005 qrridqnam
983 1924 1177 2003 respondere
1196 1925 1298 1988 liceat.
1342 1924 1412 1987 Non
1437 1927 1476 1987 ab
1498 1925 1568 2004 ipso

487 2012 619 2087 Platone
640 2046 693 2089 eas
714 2027 903 2108 excogitatas
926 2043 1013 2100 essa,
1045 2046 1104 2105 pro
1126 2035 1214 2090 certo
1237 2034 1270 2090 et
1290 2029 1451 2109 explorato
1471 2027 1569 2090 habe-

486 2146 565 2190 mns.
608 2130 685 2191 Nam
707 2131 839 2210 primum
862 2130 975 2192 nullam
997 2129 1138 2192 videmus
1159 2151 1299 2193 caussam
1320 2131 1479 2205 idoneam,
1512 2150 1569 2193 cnr

487 2252 539 2292 eas
561 2232 629 2312 ipsc
650 2241 840 2297 commentus
862 2235 921 2305 ait;
950 2232 1010 2296 nlsl
1030 2232 1115 2296 forte
1136 2242 1226 2316 putea
1244 2255 1316 2297 eum
1328 2252 1415 2296 mero
1433 2233 1568 2295 ludibrio

487 2336 626 2416 legentes
654 2338 839 2417 perturbare
860 2336 1011 2412 noluisse,
1041 2336 1074 2398 id
1097 2339 1181 2417 quod
1208 2357 1270 2400 nou
1291 2338 1488 2419 philosophi,
1512 2338 1584 2417 sed¹

487 2438 620 2502 bominis
648 2443 728 2501 male
754 2441 858 2529 leriati
885 2441 979 2505 toret.
1029 2440 1149 2503 Deinde
1175 2442 1264 2505 Plato
1292 2442 1361 2522 lpse
1382 2441 1568 2521 aliquamdiu

487 2543 623 2605 incertus
644 2543 783 2607 haesisse
799 2544 936 2619 videtur,
961 2564 1023 2623 qrro
1037 2545 1130 2606 modo
1147 2565 1185 2606 ea
1205 2524 1285 2625 quse
1303 2545 1386 2605 inter
1406 2564 1458 2606 rcs
1476 2551 1569 2623 atspne

488 2647 575 2708 ideas
606 2647 816 2709 intercederet
847 2648 1021 2710 coniunctio
1055 2648 1234 2727 explicanda
1259 2653 1354 2708 esset.
1404 2647 1482 2707 Nam
1508 2647 1569 2709 etsi

488 2758 608 2814 maturre
630 2752 689 2812 sibi
712 2759 922 2831 persuaserat,
945 2771 996 2812 res
1018 2771 1053 2813 ex
1075 2753 1155 2815 ideis
1177 2751 1330 2831 pendere,
1358 2756 1462 2811 tamen
1483 2752 1568 2812 istud

488 2854 587 2932 ipsum
610 2856 702 2933 qrrale
723 2863 821 2929 esset,
845 2874 905 2916 non
921 2856 1067 2917 continno
1083 2854 1249 2934 perspexit.
1293 2852 1462 2915 Testantur
1475 2854 1569 2915 huius

488 2960 642 3038 opinionis
670 2963 797 3021 nostroe
831 2958 991 3019 veritatem
1020 2959 1083 3019 loci
1112 2957 1231 3018 Phileb.
1261 2975 1291 3036 p.
1313 2958 1365 3019 la.
1387 2957 1422 3018 (i.
1440 2976 1507 3036 sqq.
1537 2966 1569 3020 et

487 3061 642 3124 Phaedon.
665 3083 695 3142 p.
715 3062 785 3124 los.
808 3063 843 3121 l).
893 3062 962 3123 Hoc
989 3061 1085 3141 igitur
1112 3059 1391 3122 animadvertentes
1419 3061 1481 3134 illi,
1515 3063 1569 3141 qui

487 3166 554 3225 eins
583 3165 734 3225 rationem
762 3164 994 3240 improbabunt,
1029 3171 1177 3242 protenus
1210 3169 1335 3243 argutas
1358 3163 1570 3243 excogitarunt

487 3266 786 3344 argumentationes,
810 3266 920 3343 qrribna
942 3268 1010 3327 eins
1024 3267 1207 3329 sententiam
1222 3266 1440 3331 convellerent.
1484 3270 1568 3345 eras

487 3368 568 3447 ipsas
598 3369 629 3427 in
659 3367 720 3428 hoo
740 3387 884 3431 sermone
904 3375 1047 3449 putamus
1076 3390 1094 3430 a
1125 3370 1313 3450 philosopho
1336 3371 1412 3432 satis
1434 3372 1571 3433 iideliter

488 3473 642 3552 expositas
676 3489 744 3531 esse
781 3481 873 3551 atque
901 3481 1068 3534 enarratas.
1130 3473 1271 3552 licinique
1304 3493 1365 3535 non
1393 3484 1441 3537 est
1473 3477 1570 3557 negli-

487 3576 639 3655 gendum,
674 3575 756 3653 qrrod
791 3573 992 3650 Aristoteles,
1034 3583 1068 3636 ut
1100 3595 1193 3655 supra
1227 3576 1374 3653 vidimus,
1407 3582 1570 3641 nonnullas

487 3681 615 3740 istarum
650 3679 875 3741 dubitationum
906 3681 938 3741 in
973 3679 1235 3758 disputationibus
1271 3680 1335 3740 suls
1370 3688 1477 3742 contra
1512 3682 1568 3743 do-

488 3784 616 3845 ctrinam
647 3783 787 3843 idearum
818 3785 935 3848 retulit.
992 3784 1083 3862 Quod
1113 3783 1267 3852 eiusmodi
1295 3790 1362 3858 est,
1397 3791 1432 3844 ut
1470 3786 1570 3864 susspi-

487 3889 550 3948 cari
586 3892 671 3947 certe
699 3886 807 3960 liceat,
847 3889 1025 3968 Stagiritcm
1061 3887 1204 3966 quidem,
1236 3888 1301 3950 sive
1335 3890 1476 3969 neglecta
1505 3889 1571 3951 sire

485 4010 546 4054 non
575 3992 649 4051 sutis
677 3998 824 4070 percepta
851 3991 1015 4053 subtiliore
1046 3991 1186 4070 magistri
1219 3992 1377 4066 doctrina,
1413 4010 1466 4052 eas
1500 4011 1570 4067 par-

486 4095 541 4155 tim
564 4099 684 4155 mortuas
707 4095 854 4155 sumsisse
875 4095 913 4155 cb
936 4095 996 4169 iis,
1029 4095 1082 4173 qni
1104 4095 1164 4158 iam
1186 4096 1285 4175 ipsius
1307 4095 1445 4156 Platonis
1467 4100 1571 4155 aetate

486 4199 527 4260 de
548 4198 659 4258 codem
681 4204 863 4275 argumento
886 4198 1136 4276 disputavissent.
1181 4200 1282 4278 Atque
1300 4199 1362 4259 hoo
1374 4217 1412 4258 eo
1429 4200 1477 4256 est
1491 4198 1571 4257 ueri-

486 4301 631 4373 similius,
668 4299 751 4377 quon
764 4378 766 4383 Ι
780 4300 872 4361 etiem
901 4302 1012 4364 Sextus
1039 4302 1216 4382 Empiricus
1250 4320 1343 4363 unum
1377 4301 1571 4378 alterumque

423 4410 425 4417 '
486 4402 598 4465 eodem
633 4402 701 4461 lere
729 4400 822 4462 modo
851 4402 964 4483 tetigit.
1015 4404 1079 4467 Sed
1106 4413 1141 4468 ut
1177 4412 1367 4485 postremum
1397 4408 1571 4467 sentcntiae

392 4510 393 4517 ’
485 4510 611 4564 nostrae
634 4509 846 4583 argumentum
869 4502 1025 4570 infirmum
1047 4509 1106 4584 sit,
1135 4507 1213 4569 illud
1235 4506 1361 4586 quidem
1382 4508 1569 4569 verisimilli-

347 4606 374 4699 μ’
485 4622 570 4673 mum
600 4626 669 4667 csse
694 4616 853 4687 putemus,
884 4608 1047 4679 Platonem
1068 4630 1131 4674 non
1151 4611 1253 4693 ipsum
1275 4613 1470 4694 excogitasse
1492 4629 1569 4693 quse
