<?xml version="1.0" encoding="UTF-8"?>
<!DOCTYPE html PUBLIC "-//W3C//DTD XHTML 1.0 Transitional//EN"
    "http://www.w3.org/TR/xhtml1/DTD/xhtml1-transitional.dtd">
<html xmlns="http://www.w3.org/1999/xhtml" xml:lang="en" lang="en">
 <head>
  <title>
</title>
<meta http-equiv="Content-Type" content="text/html;charset=utf-8" />
  <meta name='ocr-system' content='tesseract 3.04.00' />
  <meta name='ocr-capabilities' content='ocr_page ocr_carea ocr_par ocr_line ocrx_word'/>
</head>
<body>
  <div class='ocr_page' id='page_1' title='image "./parmenidescumqu00platgoog_0034.png"; bbox 0 0 3775 5442; ppageno 0'>
   <div class='ocr_carea' id='block_1_1' title="bbox 495 639 1245 716">
    <p class='ocr_par' dir='ltr' id='par_1_1' title="bbox 495 639 1245 716">
     <span class='ocr_line' id='line_1_1' title="bbox 495 639 1245 716; baseline -0.011 -11"><span class='ocrx_word' id='word_1_1' title='bbox 495 640 539 705; x_wconf 69' lang='lat'><strong>22</strong></span> <span class='ocrx_word' id='word_1_2' title='bbox 830 640 916 700; x_wconf 74' lang='lat' dir='ltr'><strong>iiher</strong></span> <span class='ocrx_word' id='word_1_3' title='bbox 937 641 1057 716; x_wconf 81' lang='lat' dir='ltr'><strong>primus,</strong></span> <span class='ocrx_word' id='word_1_4' title='bbox 1099 640 1201 699; x_wconf 85' lang='lat' dir='ltr'><strong>Sectio</strong></span> <span class='ocrx_word' id='word_1_5' title='bbox 1224 639 1245 698; x_wconf 94' lang='grc' dir='ltr'><strong>Ι.</strong></span> 
     </span>
    </p>
   </div>
   <div class='ocr_carea' id='block_1_2' title="bbox 500 808 1593 2124">
    <p class='ocr_par' dir='ltr' id='par_1_2' title="bbox 500 808 1591 1696">
     <span class='ocr_line' id='line_1_2' title="bbox 500 808 1584 893; baseline 0 -19"><span class='ocrx_word' id='word_1_6' title='bbox 500 809 628 893; x_wconf 88' lang='lat' dir='ltr'><strong>agendi,</strong></span> <span class='ocrx_word' id='word_1_7' title='bbox 649 809 741 874; x_wconf 83' lang='lat' dir='ltr'><strong>elteri</strong></span> <span class='ocrx_word' id='word_1_8' title='bbox 758 810 898 892; x_wconf 88' lang='lat' dir='ltr'><strong>patiendi</strong></span> <span class='ocrx_word' id='word_1_9' title='bbox 916 812 1094 874; x_wconf 77' lang='lat' dir='ltr'><strong>facultatem</strong></span> <span class='ocrx_word' id='word_1_10' title='bbox 1107 808 1266 892; x_wconf 86' lang='lat' dir='ltr'><strong>propriam</strong></span> <span class='ocrx_word' id='word_1_11' title='bbox 1279 826 1350 873; x_wconf 88' lang='lat' dir='ltr'><strong>esse</strong></span> <span class='ocrx_word' id='word_1_12' title='bbox 1361 810 1476 888; x_wconf 81' lang='lat' dir='ltr'><strong>roiott,</strong></span> <span class='ocrx_word' id='word_1_13' title='bbox 1499 813 1584 876; x_wconf 91' lang='lat' dir='ltr'><strong>haud</strong></span> 
     </span>
     <span class='ocr_line' id='line_1_3' title="bbox 501 912 1586 995; baseline 0 -18"><span class='ocrx_word' id='word_1_14' title='bbox 501 915 566 977; x_wconf 92' lang='lat' dir='ltr'><strong>scio</strong></span> <span class='ocrx_word' id='word_1_15' title='bbox 587 933 625 976; x_wconf 86' lang='lat' dir='ltr'><strong>an</strong></span> <span class='ocrx_word' id='word_1_16' title='bbox 647 913 700 975; x_wconf 88' lang='lat' dir='ltr'><strong>hic</strong></span> <span class='ocrx_word' id='word_1_17' title='bbox 720 914 813 976; x_wconf 57' lang='lat' dir='ltr'><strong>mam</strong></span> <span class='ocrx_word' id='word_1_18' title='bbox 833 917 903 977; x_wconf 91' lang='lat' dir='ltr'><strong>iure</strong></span> <span class='ocrx_word' id='word_1_19' title='bbox 924 915 1058 995; x_wconf 79' lang='lat' dir='ltr'><strong>quodem</strong></span> <span class='ocrx_word' id='word_1_20' title='bbox 1083 921 1193 976; x_wconf 88' lang='lat' dir='ltr'><strong>nostro</strong></span> <span class='ocrx_word' id='word_1_21' title='bbox 1220 912 1487 993; x_wconf 75' lang='lat' dir='ltr'><strong>Pythagoreorum</strong></span> <span class='ocrx_word' id='word_1_22' title='bbox 1505 914 1586 978; x_wconf 89' lang='lat' dir='ltr'><strong>iliud</strong></span> 
     </span>
     <span class='ocr_line' id='line_1_4' title="bbox 502 1010 1586 1102; baseline 0 -22"><span class='ocrx_word' id='word_1_23' title='bbox 502 1010 642 1101; x_wconf 78' lang='grc' dir='ltr'><strong><em>ἄπειρον</em></strong></span> <span class='ocrx_word' id='word_1_24' title='bbox 668 1023 763 1097; x_wconf 85' lang='lat' dir='ltr'><strong>atque</strong></span> <span class='ocrx_word' id='word_1_25' title='bbox 789 1021 893 1102; x_wconf 80' lang='grc' dir='ltr'><strong><em>πέρας</em></strong></span> <span class='ocrx_word' id='word_1_26' title='bbox 924 1019 1000 1102; x_wconf 73' lang='grc' dir='ltr'><strong><em>ἕχον</em></strong></span> <span class='ocrx_word' id='word_1_27' title='bbox 1030 1034 1242 1099; x_wconf 68' lang='lat' dir='ltr'><strong>agnoscamus.</strong></span> <span class='ocrx_word' id='word_1_28' title='bbox 1286 1017 1408 1096; x_wconf 80' lang='lat' dir='ltr'><strong>Quippe</strong></span> <span class='ocrx_word' id='word_1_29' title='bbox 1429 1019 1586 1095; x_wconf 85' lang='lat' dir='ltr'><strong>tenebras,</strong></span> 
     </span>
     <span class='ocr_line' id='line_1_5' title="bbox 504 1106 1589 1202; baseline -0.004 -18"><span class='ocrx_word' id='word_1_30' title='bbox 504 1119 570 1195; x_wconf 83' lang='lat' dir='ltr'><strong>ael,</strong></span> <span class='ocrx_word' id='word_1_31' title='bbox 597 1125 634 1181; x_wconf 89' lang='lat' dir='ltr'><strong>ut</strong></span> <span class='ocrx_word' id='word_1_32' title='bbox 654 1121 707 1181; x_wconf 87' lang='lat' dir='ltr'><strong>alii</strong></span> <span class='ocrx_word' id='word_1_33' title='bbox 727 1121 862 1196; x_wconf 83' lang='lat' dir='ltr'><strong>voiunt,-</strong></span> <span class='ocrx_word' id='word_1_34' title='bbox 877 1120 997 1202; x_wconf 76' lang='lat' dir='ltr'><strong>frigus,¹</strong></span> <span class='ocrx_word' id='word_1_35' title='bbox 1023 1120 1090 1193; x_wconf 84' lang='lat' dir='ltr'><strong>val,</strong></span> <span class='ocrx_word' id='word_1_36' title='bbox 1111 1124 1147 1181; x_wconf 87' lang='lat' dir='ltr'><strong>ut</strong></span> <span class='ocrx_word' id='word_1_37' title='bbox 1164 1106 1355 1181; x_wconf 61' lang='lat' dir='ltr'><strong>Aristoteles</strong></span> <span class='ocrx_word' id='word_1_38' title='bbox 1376 1125 1501 1194; x_wconf 84' lang='lat' dir='ltr'><strong>namt,</strong></span> <span class='ocrx_word' id='word_1_39' title='bbox 1522 1125 1589 1180; x_wconf 86' lang='lat' dir='ltr'><strong>ter-</strong></span> 
     </span>
     <span class='ocr_line' id='line_1_6' title="bbox 503 1221 1589 1305; baseline -0.003 -19"><span class='ocrx_word' id='word_1_40' title='bbox 503 1244 585 1298; x_wconf 85' lang='lat' dir='ltr'><strong>ram,</strong></span> <span class='ocrx_word' id='word_1_41' title='bbox 606 1223 712 1305; x_wconf 90' lang='lat' dir='ltr'><strong>posuit</strong></span> <span class='ocrx_word' id='word_1_42' title='bbox 725 1231 877 1303; x_wconf 80' lang='lat' dir='ltr'><strong>tanquam</strong></span> <span class='ocrx_word' id='word_1_43' title='bbox 899 1221 1083 1304; x_wconf 85' lang='lat' dir='ltr'><strong>principium</strong></span> <span class='ocrx_word' id='word_1_44' title='bbox 1104 1221 1274 1296; x_wconf 74' lang='lat' dir='ltr'><strong>infinitum,</strong></span> <span class='ocrx_word' id='word_1_45' title='bbox 1300 1221 1384 1283; x_wconf 89' lang='lat' dir='ltr'><strong>unde</strong></span> <span class='ocrx_word' id='word_1_46' title='bbox 1406 1240 1513 1283; x_wconf 85' lang='lat' dir='ltr'><strong>omnes</strong></span> <span class='ocrx_word' id='word_1_47' title='bbox 1534 1240 1589 1283; x_wconf 90' lang='lat' dir='ltr'><strong>rea</strong></span> 
     </span>
     <span class='ocr_line' id='line_1_7' title="bbox 505 1325 1590 1406; baseline 0 -20"><span class='ocrx_word' id='word_1_48' title='bbox 505 1332 611 1387; x_wconf 74' lang='lat' dir='ltr'><strong>emeat</strong></span> <span class='ocrx_word' id='word_1_49' title='bbox 638 1332 821 1406; x_wconf 78' lang='lat' dir='ltr'><strong>generatses</strong></span> <span class='ocrx_word' id='word_1_50' title='bbox 854 1326 958 1406; x_wconf 86' lang='lat' dir='ltr'><strong>ignem</strong></span> <span class='ocrx_word' id='word_1_51' title='bbox 986 1331 1088 1385; x_wconf 90' lang='lat' dir='ltr'><strong>autem</strong></span> <span class='ocrx_word' id='word_1_52' title='bbox 1117 1325 1181 1386; x_wconf 82' lang='lat' dir='ltr'><strong>siae</strong></span> <span class='ocrx_word' id='word_1_53' title='bbox 1209 1325 1343 1387; x_wconf 85' lang='lat' dir='ltr'><strong>calorem</strong></span> <span class='ocrx_word' id='word_1_54' title='bbox 1372 1330 1466 1403; x_wconf 87' lang='lat' dir='ltr'><strong>atque</strong></span> <span class='ocrx_word' id='word_1_55' title='bbox 1485 1326 1590 1386; x_wconf 86' lang='lat' dir='ltr'><strong>lucem</strong></span> 
     </span>
     <span class='ocr_line' id='line_1_8' title="bbox 505 1426 1590 1508; baseline -0.001 -17"><span class='ocrx_word' id='word_1_56' title='bbox 505 1428 626 1491; x_wconf 81' lang='lat' dir='ltr'><strong>eemuit</strong></span> <span class='ocrx_word' id='word_1_57' title='bbox 647 1447 719 1490; x_wconf 90' lang='lat' dir='ltr'><strong>esse</strong></span> <span class='ocrx_word' id='word_1_58' title='bbox 738 1430 783 1504; x_wconf 88' lang='lat' dir='ltr'><strong>id,</strong></span> <span class='ocrx_word' id='word_1_59' title='bbox 805 1447 867 1508; x_wconf 80' lang='lat' dir='ltr'><strong>quo</strong></span> <span class='ocrx_word' id='word_1_60' title='bbox 882 1427 984 1488; x_wconf 89' lang='lat' dir='ltr'><strong>omnia</strong></span> <span class='ocrx_word' id='word_1_61' title='bbox 996 1427 1028 1487; x_wconf 90' lang='lat' dir='ltr'><strong>in</strong></span> <span class='ocrx_word' id='word_1_62' title='bbox 1042 1426 1182 1488; x_wconf 80' lang='lat' dir='ltr'><strong>ordinem</strong></span> <span class='ocrx_word' id='word_1_63' title='bbox 1193 1433 1300 1489; x_wconf 86' lang='lat' dir='ltr'><strong>essent</strong></span> <span class='ocrx_word' id='word_1_64' title='bbox 1319 1428 1456 1501; x_wconf 65' lang='lat' dir='ltr'><strong>redacta,</strong></span> <span class='ocrx_word' id='word_1_65' title='bbox 1477 1430 1590 1490; x_wconf 73' lang='lat' dir='ltr'><strong>mbos-</strong></span> 
     </span>
     <span class='ocr_line' id='line_1_9' title="bbox 505 1528 1591 1612; baseline 0 -20"><span class='ocrx_word' id='word_1_66' title='bbox 505 1547 566 1611; x_wconf 81' lang='lat' dir='ltr'><strong>poe</strong></span> <span class='ocrx_word' id='word_1_67' title='bbox 594 1530 737 1594; x_wconf 85' lang='lat' dir='ltr'><strong>omnihus</strong></span> <span class='ocrx_word' id='word_1_68' title='bbox 766 1528 864 1592; x_wconf 81' lang='lat' dir='ltr'><strong>veluti</strong></span> <span class='ocrx_word' id='word_1_69' title='bbox 891 1530 1000 1593; x_wconf 80' lang='lat' dir='ltr'><strong>indute</strong></span> <span class='ocrx_word' id='word_1_70' title='bbox 1027 1537 1114 1592; x_wconf 86' lang='lat' dir='ltr'><strong>certa</strong></span> <span class='ocrx_word' id='word_1_71' title='bbox 1138 1547 1176 1592; x_wconf 92' lang='lat' dir='ltr'><strong>ao</strong></span> <span class='ocrx_word' id='word_1_72' title='bbox 1203 1530 1332 1592; x_wconf 87' lang='lat' dir='ltr'><strong>detintts</strong></span> <span class='ocrx_word' id='word_1_73' title='bbox 1353 1531 1473 1610; x_wconf 86' lang='lat' dir='ltr'><strong>species</strong></span> <span class='ocrx_word' id='word_1_74' title='bbox 1494 1538 1591 1612; x_wconf 84' lang='lat' dir='ltr'><strong>atque</strong></span> 
     </span>
     <span class='ocr_line' id='line_1_10' title="bbox 505 1634 629 1696; baseline -0.04 0"><span class='ocrx_word' id='word_1_75' title='bbox 505 1634 629 1696; x_wconf 73' lang='lat' dir='ltr'><strong>forma..</strong></span> 
     </span>
    </p>

    <p class='ocr_par' dir='ltr' id='par_1_3' title="bbox 505 1732 1593 2124">
     <span class='ocr_line' id='line_1_11' title="bbox 591 1732 1591 1815; baseline -0.002 -17"><span class='ocrx_word' id='word_1_76' title='bbox 591 1737 653 1799; x_wconf 77' lang='lat' dir='ltr'><strong>Sed</strong></span> <span class='ocrx_word' id='word_1_77' title='bbox 681 1735 824 1797; x_wconf 90' lang='lat' dir='ltr'><strong>nolumus</strong></span> <span class='ocrx_word' id='word_1_78' title='bbox 850 1735 929 1796; x_wconf 91' lang='lat' dir='ltr'><strong>haec</strong></span> <span class='ocrx_word' id='word_1_79' title='bbox 956 1734 1102 1814; x_wconf 90' lang='lat' dir='ltr'><strong>persequi</strong></span> <span class='ocrx_word' id='word_1_80' title='bbox 1129 1732 1302 1813; x_wconf 85' lang='lat' dir='ltr'><strong>copiosius,</strong></span> <span class='ocrx_word' id='word_1_81' title='bbox 1339 1734 1591 1815; x_wconf 79' lang='lat' dir='ltr'><strong>quandoquidem</strong></span> 
     </span>
     <span class='ocr_line' id='line_1_12' title="bbox 506 1835 1591 1919; baseline 0 -20"><span class='ocrx_word' id='word_1_82' title='bbox 506 1841 555 1902; x_wconf 85' lang='lat' dir='ltr'><strong>ael</strong></span> <span class='ocrx_word' id='word_1_83' title='bbox 581 1859 636 1916; x_wconf 86' lang='lat' dir='ltr'><strong>ea,</strong></span> <span class='ocrx_word' id='word_1_84' title='bbox 666 1856 744 1919; x_wconf 79' lang='lat' dir='ltr'><strong>quae</strong></span> <span class='ocrx_word' id='word_1_85' title='bbox 772 1838 921 1899; x_wconf 66' lang='lat' dir='ltr'><strong>hedenus</strong></span> <span class='ocrx_word' id='word_1_86' title='bbox 944 1836 986 1897; x_wconf 89' lang='lat' dir='ltr'><strong>de</strong></span> <span class='ocrx_word' id='word_1_87' title='bbox 1005 1835 1198 1898; x_wconf 87' lang='lat' dir='ltr'><strong>Parmenidis</strong></span> <span class='ocrx_word' id='word_1_88' title='bbox 1219 1838 1340 1898; x_wconf 87' lang='lat' dir='ltr'><strong>ratione</strong></span> <span class='ocrx_word' id='word_1_89' title='bbox 1361 1837 1591 1917; x_wconf 67' lang='lat' dir='ltr'>explicavimus,</span> 
     </span>
     <span class='ocr_line' id='line_1_13' title="bbox 505 1938 1592 2021; baseline -0.001 -17"><span class='ocrx_word' id='word_1_90' title='bbox 505 1942 583 2005; x_wconf 85' lang='lat' dir='ltr'><strong>&#39;satis</strong></span> <span class='ocrx_word' id='word_1_91' title='bbox 610 1958 766 2021; x_wconf 86' lang='lat' dir='ltr'><strong>superque</strong></span> <span class='ocrx_word' id='word_1_92' title='bbox 790 1940 831 2001; x_wconf 89' lang='lat' dir='ltr'><strong>sd</strong></span> <span class='ocrx_word' id='word_1_93' title='bbox 857 1938 1088 2020; x_wconf 88' lang='lat' dir='ltr'><strong>percipiendam</strong></span> <span class='ocrx_word' id='word_1_94' title='bbox 1113 1941 1249 2002; x_wconf 75' lang='lat' dir='ltr'><strong>Zenonis</strong></span> <span class='ocrx_word' id='word_1_95' title='bbox 1276 1939 1428 2001; x_wconf 71' lang='lat' dir='ltr'><strong>Platonici</strong></span> <span class='ocrx_word' id='word_1_96' title='bbox 1455 1947 1592 2003; x_wconf 85' lang='lat' dir='ltr'><strong>mentem</strong></span> 
     </span>
     <span class='ocr_line' id='line_1_14' title="bbox 507 2042 1593 2124; baseline 0.002 -19"><span class='ocrx_word' id='word_1_97' title='bbox 507 2051 601 2124; x_wconf 88' lang='lat' dir='ltr'><strong>atque</strong></span> <span class='ocrx_word' id='word_1_98' title='bbox 621 2043 804 2105; x_wconf 83' lang='lat' dir='ltr'><strong>sententiam</strong></span> <span class='ocrx_word' id='word_1_99' title='bbox 826 2042 973 2105; x_wconf 78' lang='lat' dir='ltr'><strong>sufficere</strong></span> <span class='ocrx_word' id='word_1_100' title='bbox 993 2042 1147 2105; x_wconf 81' lang='lat' dir='ltr'><strong>videntur.</strong></span> <span class='ocrx_word' id='word_1_101' title='bbox 1191 2043 1330 2121; x_wconf 75' lang='lat' dir='ltr'><strong>apparet</strong></span> <span class='ocrx_word' id='word_1_102' title='bbox 1351 2042 1432 2105; x_wconf 86' lang='lat' dir='ltr'><strong>enim</strong></span> <span class='ocrx_word' id='word_1_103' title='bbox 1452 2044 1593 2107; x_wconf 83' lang='lat' dir='ltr'><strong>lucuten-</strong></span> 
     </span>
    </p>
   </div>
   <div class='ocr_carea' id='block_1_3' title="bbox 371 2143 1594 2227">
    <p class='ocr_par' dir='ltr' id='par_1_4' title="bbox 371 2143 1594 2227">
     <span class='ocr_line' id='line_1_15' title="bbox 371 2143 1594 2227; baseline 0 -17"><span class='ocrx_word' id='word_1_104' title='bbox 371 2181 375 2187; x_wconf 76' lang='lat'><em>,</em></span> <span class='ocrx_word' id='word_1_105' title='bbox 507 2149 644 2225; x_wconf 87' lang='lat' dir='ltr'><strong>tissima,</strong></span> <span class='ocrx_word' id='word_1_106' title='bbox 681 2146 755 2227; x_wconf 85' lang='lat' dir='ltr'><strong>quid</strong></span> <span class='ocrx_word' id='word_1_107' title='bbox 782 2145 825 2208; x_wconf 87' lang='lat' dir='ltr'><strong>sit</strong></span> <span class='ocrx_word' id='word_1_108' title='bbox 850 2144 936 2224; x_wconf 82' lang='lat' dir='ltr'><strong>quod</strong></span> <span class='ocrx_word' id='word_1_109' title='bbox 963 2145 1089 2207; x_wconf 87' lang='lat' dir='ltr'><strong>scholae</strong></span> <span class='ocrx_word' id='word_1_110' title='bbox 1116 2143 1273 2206; x_wconf 80' lang='lat' dir='ltr'><strong>Eleaticae</strong></span> <span class='ocrx_word' id='word_1_111' title='bbox 1308 2145 1454 2208; x_wconf 86' lang='lat' dir='ltr'><strong>doctores</strong></span> <span class='ocrx_word' id='word_1_112' title='bbox 1487 2148 1594 2210; x_wconf 84' lang='lat' dir='ltr'><strong>omnia</strong></span> 
     </span>
    </p>
   </div>
   <div class='ocr_carea' id='block_1_4' title="bbox 507 2245 1592 2325">
    <p class='ocr_par' dir='ltr' id='par_1_5' title="bbox 507 2245 1592 2325">
     <span class='ocr_line' id='line_1_16' title="bbox 507 2245 1592 2325; baseline 0.001 -13"><span class='ocrx_word' id='word_1_113' title='bbox 507 2269 602 2312; x_wconf 87' lang='lat' dir='ltr'><strong>unum</strong></span> <span class='ocrx_word' id='word_1_114' title='bbox 623 2268 694 2312; x_wconf 88' lang='lat' dir='ltr'><strong>esse</strong></span> <span class='ocrx_word' id='word_1_115' title='bbox 715 2248 859 2310; x_wconf 79' lang='lat' dir='ltr'><strong>demisse</strong></span> <span class='ocrx_word' id='word_1_116' title='bbox 880 2254 1054 2312; x_wconf 85' lang='lat' dir='ltr'><strong>narrantur.</strong></span> <span class='ocrx_word' id='word_1_117' title='bbox 1096 2245 1230 2308; x_wconf 82' lang='lat' dir='ltr'><strong>Tantum</strong></span> <span class='ocrx_word' id='word_1_118' title='bbox 1257 2249 1347 2310; x_wconf 87' lang='lat' dir='ltr'><strong>abest</strong></span> <span class='ocrx_word' id='word_1_119' title='bbox 1367 2250 1467 2325; x_wconf 87' lang='lat' dir='ltr'><strong>enim,</strong></span> <span class='ocrx_word' id='word_1_120' title='bbox 1481 2304 1483 2315; x_wconf 87' lang='lat'><em>.</em></span> <span class='ocrx_word' id='word_1_121' title='bbox 1495 2255 1531 2312; x_wconf 91' lang='lat' dir='ltr'><strong>ut</strong></span> <span class='ocrx_word' id='word_1_122' title='bbox 1551 2252 1592 2314; x_wconf 88' lang='lat' dir='ltr'><strong>iis</strong></span> 
     </span>
    </p>
   </div>
   <div class='ocr_carea' id='block_1_5' title="bbox 376 2336 1595 2433">
    <p class='ocr_par' dir='ltr' id='par_1_6' title="bbox 376 2336 1595 2433">
     <span class='ocr_line' id='line_1_17' title="bbox 376 2336 1595 2433; baseline 0.011 -28"><span class='ocrx_word' id='word_1_123' title='bbox 376 2393 393 2405; x_wconf 92' lang='lat'>.</span> <span class='ocrx_word' id='word_1_124' title='bbox 509 2354 662 2433; x_wconf 89' lang='lat' dir='ltr'><strong>Spinoase</strong></span> <span class='ocrx_word' id='word_1_125' title='bbox 687 2350 801 2433; x_wconf 87' lang='lat' dir='ltr'><strong>piacita</strong></span> <span class='ocrx_word' id='word_1_126' title='bbox 827 2351 869 2413; x_wconf 91' lang='lat' dir='ltr'><strong>de</strong></span> <span class='ocrx_word' id='word_1_127' title='bbox 894 2336 1004 2412; x_wconf 83' lang='lat' dir='ltr'><strong>natarrs</strong></span> <span class='ocrx_word' id='word_1_128' title='bbox 1032 2355 1196 2412; x_wconf 80' lang='lat' dir='ltr'><strong>saturante</strong></span> <span class='ocrx_word' id='word_1_129' title='bbox 1224 2356 1258 2412; x_wconf 90' lang='lat' dir='ltr'><strong>et</strong></span> <span class='ocrx_word' id='word_1_130' title='bbox 1283 2358 1426 2413; x_wconf 86' lang='lat' dir='ltr'><strong>naturate</strong></span> <span class='ocrx_word' id='word_1_131' title='bbox 1451 2355 1595 2417; x_wconf 81' lang='lat' dir='ltr'><strong>tribuere</strong></span> 
     </span>
    </p>
   </div>
   <div class='ocr_carea' id='block_1_6' title="bbox 509 2453 1628 3151">
    <p class='ocr_par' dir='ltr' id='par_1_7' title="bbox 509 2453 1628 2947">
     <span class='ocr_line' id='line_1_18' title="bbox 509 2453 1595 2537; baseline 0 -19"><span class='ocrx_word' id='word_1_132' title='bbox 509 2453 617 2531; x_wconf 84' lang='lat' dir='ltr'><strong>liceat,</strong></span> <span class='ocrx_word' id='word_1_133' title='bbox 645 2461 681 2516; x_wconf 85' lang='lat' dir='ltr'><strong>ut</strong></span> <span class='ocrx_word' id='word_1_134' title='bbox 701 2472 756 2519; x_wconf 88' lang='lat' dir='ltr'><strong>ens</strong></span> <span class='ocrx_word' id='word_1_135' title='bbox 777 2454 854 2515; x_wconf 88' lang='lat' dir='ltr'><strong>iilud</strong></span> <span class='ocrx_word' id='word_1_136' title='bbox 877 2471 968 2516; x_wconf 86' lang='lat' dir='ltr'><strong>soum</strong></span> <span class='ocrx_word' id='word_1_137' title='bbox 989 2454 1144 2517; x_wconf 81' lang='lat' dir='ltr'><strong>voluerint</strong></span> <span class='ocrx_word' id='word_1_138' title='bbox 1164 2456 1387 2535; x_wconf 88' lang='lat' dir='ltr'><strong>sempiternum</strong></span> <span class='ocrx_word' id='word_1_139' title='bbox 1414 2462 1508 2537; x_wconf 81' lang='lat' dir='ltr'><strong>atque</strong></span> <span class='ocrx_word' id='word_1_140' title='bbox 1527 2457 1595 2518; x_wconf 87' lang='lat' dir='ltr'><strong>tale</strong></span> 
     </span>
     <span class='ocr_line' id='line_1_19' title="bbox 511 2556 1597 2641; baseline 0.002 -23"><span class='ocrx_word' id='word_1_141' title='bbox 511 2574 598 2631; x_wconf 85' lang='lat' dir='ltr'><strong>esse,</strong></span> <span class='ocrx_word' id='word_1_142' title='bbox 621 2557 703 2637; x_wconf 86' lang='lat' dir='ltr'><strong>quod</strong></span> <span class='ocrx_word' id='word_1_143' title='bbox 725 2574 784 2638; x_wconf 87' lang='lat' dir='ltr'><strong>per</strong></span> <span class='ocrx_word' id='word_1_144' title='bbox 804 2559 921 2633; x_wconf 79' lang='lat' dir='ltr'><strong>omnia,</strong></span> <span class='ocrx_word' id='word_1_145' title='bbox 943 2576 1023 2636; x_wconf 76' lang='lat' dir='ltr'><strong>qarae</strong></span> <span class='ocrx_word' id='word_1_146' title='bbox 1045 2556 1175 2618; x_wconf 88' lang='lat' dir='ltr'><strong>dicimus</strong></span> <span class='ocrx_word' id='word_1_147' title='bbox 1196 2564 1230 2618; x_wconf 89' lang='lat' dir='ltr'><strong>ct</strong></span> <span class='ocrx_word' id='word_1_148' title='bbox 1250 2557 1436 2637; x_wconf 85' lang='lat' dir='ltr'><strong>cogitamus,</strong></span> <span class='ocrx_word' id='word_1_149' title='bbox 1457 2565 1597 2641; x_wconf 58' lang='lat' dir='ltr'><strong>pateret,</strong></span> 
     </span>
     <span class='ocr_line' id='line_1_20' title="bbox 511 2659 1628 2739; baseline 0.005 -20"><span class='ocrx_word' id='word_1_150' title='bbox 511 2664 545 2720; x_wconf 89' lang='lat' dir='ltr'><strong>et</strong></span> <span class='ocrx_word' id='word_1_151' title='bbox 565 2677 658 2739; x_wconf 75' lang='lat' dir='ltr'><strong>prtum</strong></span> <span class='ocrx_word' id='word_1_152' title='bbox 681 2661 817 2721; x_wconf 85' lang='lat' dir='ltr'><strong>omnium</strong></span> <span class='ocrx_word' id='word_1_153' title='bbox 839 2677 941 2720; x_wconf 82' lang='lat' dir='ltr'><strong>remrm</strong></span> <span class='ocrx_word' id='word_1_154' title='bbox 964 2659 1199 2721; x_wconf 81' lang='lat' dir='ltr'><strong>fundamentum</strong></span> <span class='ocrx_word' id='word_1_155' title='bbox 1221 2667 1322 2735; x_wconf 84' lang='lat' dir='ltr'><strong>esset,</strong></span> <span class='ocrx_word' id='word_1_156' title='bbox 1356 2666 1460 2724; x_wconf 85' lang='lat' dir='ltr'><strong>tumen</strong></span> <span class='ocrx_word' id='word_1_157' title='bbox 1481 2664 1520 2724; x_wconf 85' lang='lat' dir='ltr'><strong>nh</strong></span> <span class='ocrx_word' id='word_1_158' title='bbox 1542 2663 1593 2724; x_wconf 88' lang='lat' dir='ltr'><strong>hia</strong></span> <span class='ocrx_word' id='word_1_159' title='bbox 1623 2677 1628 2693; x_wconf 87' lang='lat'><strong><em>‘</em></strong></span> 
     </span>
     <span class='ocr_line' id='line_1_21' title="bbox 509 2761 1595 2844; baseline 0.002 -19"><span class='ocrx_word' id='word_1_160' title='bbox 509 2764 585 2843; x_wconf 84' lang='lat' dir='ltr'><strong>ipsis</strong></span> <span class='ocrx_word' id='word_1_161' title='bbox 607 2763 787 2843; x_wconf 86' lang='lat' dir='ltr'><strong>iongissime</strong></span> <span class='ocrx_word' id='word_1_162' title='bbox 808 2761 1014 2843; x_wconf 87' lang='lat' dir='ltr'><strong>discreparet,</strong></span> <span class='ocrx_word' id='word_1_163' title='bbox 1036 2764 1151 2844; x_wconf 85' lang='lat' dir='ltr'><strong>quippe</strong></span> <span class='ocrx_word' id='word_1_164' title='bbox 1172 2762 1256 2843; x_wconf 87' lang='lat' dir='ltr'><strong>quod</strong></span> <span class='ocrx_word' id='word_1_165' title='bbox 1276 2765 1344 2827; x_wconf 88' lang='lat' dir='ltr'><strong>aoia</strong></span> <span class='ocrx_word' id='word_1_166' title='bbox 1359 2768 1464 2825; x_wconf 89' lang='lat' dir='ltr'><strong>mente</strong></span> <span class='ocrx_word' id='word_1_167' title='bbox 1485 2771 1518 2827; x_wconf 86' lang='lat' dir='ltr'><strong>et</strong></span> <span class='ocrx_word' id='word_1_168' title='bbox 1538 2784 1595 2827; x_wconf 89' lang='lat' dir='ltr'><strong>co-</strong></span> 
     </span>
     <span class='ocr_line' id='line_1_22' title="bbox 510 2866 1039 2947; baseline 0 -21"><span class='ocrx_word' id='word_1_169' title='bbox 510 2866 661 2947; x_wconf 86' lang='lat' dir='ltr'><strong>gitatione</strong></span> <span class='ocrx_word' id='word_1_170' title='bbox 682 2873 933 2947; x_wconf 85' lang='lat' dir='ltr'><strong>cognosceretur.</strong></span> <span class='ocrx_word' id='word_1_171' title='bbox 1026 2880 1039 2915; x_wconf 74' lang='lat'><strong>⁴</strong></span> 
     </span>
    </p>

    <p class='ocr_par' dir='ltr' id='par_1_8' title="bbox 511 2968 1595 3151">
     <span class='ocr_line' id='line_1_23' title="bbox 596 2968 1595 3053; baseline 0.004 -23"><span class='ocrx_word' id='word_1_172' title='bbox 596 2970 698 3049; x_wconf 75' lang='lat' dir='ltr'><strong>Quum</strong></span> <span class='ocrx_word' id='word_1_173' title='bbox 725 2970 823 3052; x_wconf 86' lang='lat' dir='ltr'><strong>igitur</strong></span> <span class='ocrx_word' id='word_1_174' title='bbox 847 2968 1048 3032; x_wconf 68' lang='lat' dir='ltr'><strong>Parmeniden</strong></span> <span class='ocrx_word' id='word_1_175' title='bbox 1075 2988 1168 3031; x_wconf 76' lang='lat' dir='ltr'><strong>aruum</strong></span> <span class='ocrx_word' id='word_1_176' title='bbox 1198 2989 1254 3033; x_wconf 88' lang='lat' dir='ltr'><strong>ena</strong></span> <span class='ocrx_word' id='word_1_177' title='bbox 1285 2970 1462 3048; x_wconf 85' lang='lat' dir='ltr'><strong>statuisset,</strong></span> <span class='ocrx_word' id='word_1_178' title='bbox 1494 2990 1595 3053; x_wconf 80' lang='lat' dir='ltr'><strong>eaque</strong></span> 
     </span>
     <span class='ocr_line' id='line_1_24' title="bbox 511 3072 1594 3151; baseline 0.003 -17"><span class='ocrx_word' id='word_1_179' title='bbox 511 3073 664 3134; x_wconf 80' lang='lat' dir='ltr'><strong>sententia</strong></span> <span class='ocrx_word' id='word_1_180' title='bbox 692 3092 711 3132; x_wconf 92' lang='lat' dir='ltr'><strong>a</strong></span> <span class='ocrx_word' id='word_1_181' title='bbox 737 3073 916 3151; x_wconf 82' lang='lat' dir='ltr'><strong>vulgaribus</strong></span> <span class='ocrx_word' id='word_1_182' title='bbox 945 3072 1202 3151; x_wconf 80' lang='lat' dir='ltr'><strong>philosophorum</strong></span> <span class='ocrx_word' id='word_1_183' title='bbox 1235 3072 1432 3151; x_wconf 86' lang='lat' dir='ltr'><strong>opinionibus</strong></span> <span class='ocrx_word' id='word_1_184' title='bbox 1461 3075 1594 3137; x_wconf 83' lang='lat' dir='ltr'><strong>muitum</strong></span> 
     </span>
    </p>
   </div>
   <div class='ocr_carea' id='block_1_7' title="bbox 391 3173 1593 3254">
    <p class='ocr_par' dir='ltr' id='par_1_9' title="bbox 391 3173 1593 3254">
     <span class='ocr_line' id='line_1_25' title="bbox 391 3173 1593 3254; baseline 0.012 -28"><span class='ocrx_word' id='word_1_185' title='bbox 391 3215 400 3226; x_wconf 89' lang='lat'>.</span> <span class='ocrx_word' id='word_1_186' title='bbox 511 3173 692 3244; x_wconf 79' lang='lat' dir='ltr'><strong>recederet3</strong></span> <span class='ocrx_word' id='word_1_187' title='bbox 728 3173 874 3234; x_wconf 85' lang='lat' dir='ltr'><strong>continuo</strong></span> <span class='ocrx_word' id='word_1_188' title='bbox 902 3173 1047 3235; x_wconf 75' lang='lat' dir='ltr'><strong>uidentur</strong></span> <span class='ocrx_word' id='word_1_189' title='bbox 1073 3173 1232 3248; x_wconf 70' lang='lat' dir='ltr'><strong>extitisse,</strong></span> <span class='ocrx_word' id='word_1_190' title='bbox 1266 3175 1320 3254; x_wconf 86' lang='lat' dir='ltr'><strong>qui</strong></span> <span class='ocrx_word' id='word_1_191' title='bbox 1347 3176 1414 3238; x_wconf 90' lang='lat' dir='ltr'><strong>eius</strong></span> <span class='ocrx_word' id='word_1_192' title='bbox 1439 3178 1593 3240; x_wconf 88' lang='lat' dir='ltr'><strong>rationem</strong></span> 
     </span>
    </p>
   </div>
   <div class='ocr_carea' id='block_1_8' title="bbox 510 3273 1628 4695">
    <p class='ocr_par' dir='ltr' id='par_1_10' title="bbox 510 3273 1628 4386">
     <span class='ocr_line' id='line_1_26' title="bbox 511 3273 1596 3361; baseline 0.009 -27"><span class='ocrx_word' id='word_1_193' title='bbox 511 3275 629 3353; x_wconf 88' lang='lat' dir='ltr'><strong>argutis</strong></span> <span class='ocrx_word' id='word_1_194' title='bbox 663 3273 846 3354; x_wconf 72' lang='lat' dir='ltr'><strong>quibusdem</strong></span> <span class='ocrx_word' id='word_1_195' title='bbox 888 3276 1148 3338; x_wconf 77' lang='lat' dir='ltr'><strong>conclusiunculis</strong></span> <span class='ocrx_word' id='word_1_196' title='bbox 1189 3294 1301 3338; x_wconf 74' lang='lat' dir='ltr'><strong>serare</strong></span> <span class='ocrx_word' id='word_1_197' title='bbox 1334 3286 1368 3339; x_wconf 87' lang='lat' dir='ltr'><strong>et</strong></span> <span class='ocrx_word' id='word_1_198' title='bbox 1402 3282 1596 3361; x_wconf 74' lang='lat' dir='ltr'><strong>redarguere</strong></span> 
     </span>
     <span class='ocr_line' id='line_1_27' title="bbox 511 3377 1594 3465; baseline 0.008 -28"><span class='ocrx_word' id='word_1_199' title='bbox 511 3382 705 3438; x_wconf 85' lang='lat' dir='ltr'><strong>conarentur.</strong></span> <span class='ocrx_word' id='word_1_200' title='bbox 747 3377 921 3439; x_wconf 80' lang='lat' dir='ltr'><strong>diocesim</strong></span> <span class='ocrx_word' id='word_1_201' title='bbox 942 3396 1004 3440; x_wconf 88' lang='lat' dir='ltr'><strong>noo</strong></span> <span class='ocrx_word' id='word_1_202' title='bbox 1026 3378 1160 3439; x_wconf 87' lang='lat' dir='ltr'><strong>ohscure</strong></span> <span class='ocrx_word' id='word_1_203' title='bbox 1181 3379 1298 3441; x_wconf 85' lang='lat' dir='ltr'><strong>indicat</strong></span> <span class='ocrx_word' id='word_1_204' title='bbox 1318 3381 1405 3443; x_wconf 88' lang='lat' dir='ltr'><strong>Zeno</strong></span> <span class='ocrx_word' id='word_1_205' title='bbox 1427 3384 1509 3465; x_wconf 91' lang='lat' dir='ltr'><strong>apud</strong></span> <span class='ocrx_word' id='word_1_206' title='bbox 1522 3386 1594 3448; x_wconf 84' lang='lat' dir='ltr'><strong>Pie-</strong></span> 
     </span>
     <span class='ocr_line' id='line_1_28' title="bbox 510 3478 1594 3561; baseline 0.01 -21"><span class='ocrx_word' id='word_1_207' title='bbox 510 3485 615 3540; x_wconf 83' lang='lat' dir='ltr'><strong>tonem</strong></span> <span class='ocrx_word' id='word_1_208' title='bbox 645 3500 676 3561; x_wconf 92' lang='lat' dir='ltr'><strong>p.</strong></span> <span class='ocrx_word' id='word_1_209' title='bbox 698 3478 768 3541; x_wconf 70' lang='lat' dir='ltr'><strong>les</strong></span> <span class='ocrx_word' id='word_1_210' title='bbox 791 3479 826 3543; x_wconf 80' lang='lat'><strong>0.</strong></span> <span class='ocrx_word' id='word_1_211' title='bbox 859 3500 921 3561; x_wconf 82' lang='lat' dir='ltr'><strong>quo</strong></span> <span class='ocrx_word' id='word_1_212' title='bbox 953 3481 1024 3544; x_wconf 90' lang='lat' dir='ltr'><strong>ioco</strong></span> <span class='ocrx_word' id='word_1_213' title='bbox 1051 3499 1086 3541; x_wconf 88' lang='lat' dir='ltr'><strong>se</strong></span> <span class='ocrx_word' id='word_1_214' title='bbox 1112 3483 1279 3561; x_wconf 81' lang='lat' dir='ltr'><strong>profitetur</strong></span> <span class='ocrx_word' id='word_1_215' title='bbox 1306 3485 1420 3547; x_wconf 86' lang='lat' dir='ltr'><strong>librum</strong></span> <span class='ocrx_word' id='word_1_216' title='bbox 1442 3488 1594 3551; x_wconf 79' lang='lat' dir='ltr'><strong>mamad</strong></span> 
     </span>
     <span class='ocr_line' id='line_1_29' title="bbox 512 3583 1595 3663; baseline 0.006 -20"><span class='ocrx_word' id='word_1_217' title='bbox 512 3584 651 3645; x_wconf 89' lang='lat' dir='ltr'><strong>doctoris</strong></span> <span class='ocrx_word' id='word_1_218' title='bbox 672 3583 785 3663; x_wconf 90' lang='lat' dir='ltr'><strong>placita</strong></span> <span class='ocrx_word' id='word_1_219' title='bbox 810 3584 850 3645; x_wconf 89' lang='lat' dir='ltr'><strong>ah</strong></span> <span class='ocrx_word' id='word_1_220' title='bbox 873 3584 1027 3646; x_wconf 90' lang='lat' dir='ltr'><strong>eiusmodi</strong></span> <span class='ocrx_word' id='word_1_221' title='bbox 1048 3585 1294 3649; x_wconf 81' lang='lat' dir='ltr'><strong>caviiistiooihus</strong></span> <span class='ocrx_word' id='word_1_222' title='bbox 1315 3588 1499 3650; x_wconf 82' lang='lat' dir='ltr'><strong>vindicanda</strong></span> <span class='ocrx_word' id='word_1_223' title='bbox 1520 3608 1595 3652; x_wconf 87' lang='lat' dir='ltr'><strong>oan-</strong></span> 
     </span>
     <span class='ocr_line' id='line_1_30' title="bbox 512 3685 1594 3771; baseline 0.008 -26"><span class='ocrx_word' id='word_1_224' title='bbox 512 3685 684 3765; x_wconf 81' lang='lat' dir='ltr'><strong>scripsisae,</strong></span> <span class='ocrx_word' id='word_1_225' title='bbox 726 3686 774 3748; x_wconf 81' lang='lat' dir='ltr'><strong>Ite</strong></span> <span class='ocrx_word' id='word_1_226' title='bbox 794 3707 854 3767; x_wconf 87' lang='lat' dir='ltr'><strong>qus</strong></span> <span class='ocrx_word' id='word_1_227' title='bbox 875 3707 911 3749; x_wconf 90' lang='lat' dir='ltr'><strong>re</strong></span> <span class='ocrx_word' id='word_1_228' title='bbox 932 3689 1079 3749; x_wconf 86' lang='lat' dir='ltr'><strong>nonnulla</strong></span> <span class='ocrx_word' id='word_1_229' title='bbox 1099 3688 1196 3751; x_wconf 87' lang='lat' dir='ltr'><strong>hahet</strong></span> <span class='ocrx_word' id='word_1_230' title='bbox 1206 3689 1398 3771; x_wconf 88' lang='lat' dir='ltr'><strong>Philoponus</strong></span> <span class='ocrx_word' id='word_1_231' title='bbox 1418 3690 1594 3754; x_wconf 80' lang='lat' dir='ltr'><strong>indristot.</strong></span> 
     </span>
     <span class='ocr_line' id='line_1_31' title="bbox 511 3787 1597 3874; baseline 0.008 -27"><span class='ocrx_word' id='word_1_232' title='bbox 511 3787 605 3868; x_wconf 88' lang='lat' dir='ltr'><strong>Phys.</strong></span> <span class='ocrx_word' id='word_1_233' title='bbox 626 3789 661 3852; x_wconf 85' lang='lat' dir='ltr'><strong>B.</strong></span> <span class='ocrx_word' id='word_1_234' title='bbox 689 3808 720 3869; x_wconf 92' lang='lat' dir='ltr'><strong>p.</strong></span> <span class='ocrx_word' id='word_1_235' title='bbox 735 3789 765 3853; x_wconf 91' lang='lat' dir='ltr'><strong>l.</strong></span> <span class='ocrx_word' id='word_1_236' title='bbox 786 3797 820 3853; x_wconf 88' lang='lat' dir='ltr'><strong>et</strong></span> <span class='ocrx_word' id='word_1_237' title='bbox 840 3792 880 3854; x_wconf 85' lang='lat' dir='ltr'><strong>ai.</strong></span> <span class='ocrx_word' id='word_1_238' title='bbox 926 3791 993 3852; x_wconf 90' lang='lat' dir='ltr'><strong>Nec</strong></span> <span class='ocrx_word' id='word_1_239' title='bbox 1020 3808 1095 3853; x_wconf 81' lang='lat' dir='ltr'><strong>vero</strong></span> <span class='ocrx_word' id='word_1_240' title='bbox 1123 3792 1250 3855; x_wconf 89' lang='lat' dir='ltr'><strong>duhium</strong></span> <span class='ocrx_word' id='word_1_241' title='bbox 1272 3800 1337 3868; x_wconf 84' lang='lat' dir='ltr'><strong>est,</strong></span> <span class='ocrx_word' id='word_1_242' title='bbox 1371 3791 1444 3874; x_wconf 86' lang='lat' dir='ltr'><strong>quin</strong></span> <span class='ocrx_word' id='word_1_243' title='bbox 1471 3791 1597 3874; x_wconf 82' lang='lat' dir='ltr'><strong>physici</strong></span> 
     </span>
     <span class='ocr_line' id='line_1_32' title="bbox 511 3876 1628 3997; baseline 0.004 -43"><span class='ocrx_word' id='word_1_244' title='bbox 511 3892 641 3954; x_wconf 84' lang='lat' dir='ltr'><strong>maxime</strong></span> <span class='ocrx_word' id='word_1_245' title='bbox 661 3891 840 3956; x_wconf 74' lang='lat' dir='ltr'><strong>Parmenidi</strong></span> <span class='ocrx_word' id='word_1_246' title='bbox 861 3894 920 3957; x_wconf 90' lang='lat' dir='ltr'><strong>hac</strong></span> <span class='ocrx_word' id='word_1_247' title='bbox 945 3893 977 3954; x_wconf 86' lang='lat' dir='ltr'><strong>in</strong></span> <span class='ocrx_word' id='word_1_248' title='bbox 1010 3910 1047 3953; x_wconf 84' lang='lat' dir='ltr'><strong>re</strong></span> <span class='ocrx_word' id='word_1_249' title='bbox 1072 3895 1208 3975; x_wconf 78' lang='lat' dir='ltr'><strong>graviter</strong></span> <span class='ocrx_word' id='word_1_250' title='bbox 1226 3896 1380 3959; x_wconf 74' lang='lat' dir='ltr'><strong>adversati</strong></span> <span class='ocrx_word' id='word_1_251' title='bbox 1401 3894 1474 3958; x_wconf 87' lang='lat' dir='ltr'><strong>sint.</strong></span> <span class='ocrx_word' id='word_1_252' title='bbox 1516 3876 1628 3997; x_wconf 55' lang='lat' dir='ltr'><strong>itata·¹</strong></span> 
     </span>
     <span class='ocr_line' id='line_1_33' title="bbox 512 3996 1597 4080; baseline 0.005 -23"><span class='ocrx_word' id='word_1_253' title='bbox 512 3996 594 4077; x_wconf 86' lang='lat' dir='ltr'><strong>quod</strong></span> <span class='ocrx_word' id='word_1_254' title='bbox 622 4015 717 4077; x_wconf 87' lang='lat' dir='ltr'><strong>supra</strong></span> <span class='ocrx_word' id='word_1_255' title='bbox 745 3996 892 4073; x_wconf 79' lang='lat' dir='ltr'><strong>vidimus,</strong></span> <span class='ocrx_word' id='word_1_256' title='bbox 919 3997 1006 4058; x_wconf 83' lang='lat' dir='ltr'><strong>Zeno</strong></span> <span class='ocrx_word' id='word_1_257' title='bbox 1028 3998 1169 4079; x_wconf 84' lang='lat' dir='ltr'><strong>magistri</strong></span> <span class='ocrx_word' id='word_1_258' title='bbox 1190 3999 1384 4080; x_wconf 83' lang='lat' dir='ltr'><strong>disciplinam</strong></span> <span class='ocrx_word' id='word_1_259' title='bbox 1405 3997 1597 4062; x_wconf 80' lang='lat' dir='ltr'><strong>deienstuua</strong></span> 
     </span>
     <span class='ocr_line' id='line_1_34' title="bbox 512 4091 1598 4182; baseline 0.003 -20"><span class='ocrx_word' id='word_1_260' title='bbox 512 4091 620 4162; x_wconf 79' lang='grc' dir='ltr'><strong><em>πολλὰ</em></strong></span> <span class='ocrx_word' id='word_1_261' title='bbox 649 4095 733 4161; x_wconf 76' lang='grc' dir='ltr'><strong><em>εἶναι</em></strong></span> <span class='ocrx_word' id='word_1_262' title='bbox 761 4093 804 4161; x_wconf 83' lang='grc' dir='ltr'><strong>τὰ</strong></span> <span class='ocrx_word' id='word_1_263' title='bbox 832 4092 917 4163; x_wconf 79' lang='grc' dir='ltr'><strong><em>ὄντα</em></strong></span> <span class='ocrx_word' id='word_1_264' title='bbox 944 4101 1151 4182; x_wconf 69' lang='lat' dir='ltr'><strong>impegerit,</strong></span> <span class='ocrx_word' id='word_1_265' title='bbox 1187 4108 1223 4162; x_wconf 90' lang='lat' dir='ltr'><strong>nt</strong></span> <span class='ocrx_word' id='word_1_266' title='bbox 1245 4103 1285 4163; x_wconf 89' lang='lat' dir='ltr'><strong>de</strong></span> <span class='ocrx_word' id='word_1_267' title='bbox 1306 4098 1466 4182; x_wconf 71' lang='lat' dir='ltr'><strong>principiis</strong></span> <span class='ocrx_word' id='word_1_268' title='bbox 1487 4117 1598 4165; x_wconf 82' lang='lat' dir='ltr'><strong>rarum</strong></span> 
     </span>
     <span class='ocr_line' id='line_1_35' title="bbox 511 4202 1595 4282; baseline 0.006 -20"><span class='ocrx_word' id='word_1_269' title='bbox 511 4202 648 4282; x_wconf 73' lang='lat' dir='ltr'><strong>physicis</strong></span> <span class='ocrx_word' id='word_1_270' title='bbox 661 4202 826 4282; x_wconf 72' lang='lat' dir='ltr'><strong>cogitaret:</strong></span> <span class='ocrx_word' id='word_1_271' title='bbox 848 4202 933 4282; x_wconf 85' lang='lat' dir='ltr'><strong>quod</strong></span> <span class='ocrx_word' id='word_1_272' title='bbox 955 4211 1041 4264; x_wconf 86' lang='lat' dir='ltr'><strong>corte</strong></span> <span class='ocrx_word' id='word_1_273' title='bbox 1062 4206 1117 4266; x_wconf 86' lang='lat' dir='ltr'><strong>ille</strong></span> <span class='ocrx_word' id='word_1_274' title='bbox 1137 4222 1199 4265; x_wconf 90' lang='lat' dir='ltr'><strong>non</strong></span> <span class='ocrx_word' id='word_1_275' title='bbox 1219 4204 1282 4267; x_wconf 82' lang='lat' dir='ltr'><strong>fuit</strong></span> <span class='ocrx_word' id='word_1_276' title='bbox 1301 4204 1455 4277; x_wconf 74' lang='lat' dir='ltr'><strong>iscium,</strong></span> <span class='ocrx_word' id='word_1_277' title='bbox 1477 4203 1595 4268; x_wconf 84' lang='lat' dir='ltr'><strong>siPar·</strong></span> 
     </span>
     <span class='ocr_line' id='line_1_36' title="bbox 511 4305 1519 4386; baseline 0.004 -21"><span class='ocrx_word' id='word_1_278' title='bbox 511 4305 643 4367; x_wconf 88' lang='lat' dir='ltr'><strong>menidis</strong></span> <span class='ocrx_word' id='word_1_279' title='bbox 666 4305 834 4379; x_wconf 67' lang='lat' dir='ltr'><strong>adrersnrii</strong></span> <span class='ocrx_word' id='word_1_280' title='bbox 856 4326 875 4366; x_wconf 91' lang='lat' dir='ltr'><strong>a</strong></span> <span class='ocrx_word' id='word_1_281' title='bbox 896 4305 1095 4386; x_wconf 88' lang='lat' dir='ltr'><strong>physicorum</strong></span> <span class='ocrx_word' id='word_1_282' title='bbox 1117 4308 1237 4369; x_wconf 86' lang='lat' dir='ltr'><strong>ratione</strong></span> <span class='ocrx_word' id='word_1_283' title='bbox 1259 4307 1393 4368; x_wconf 83' lang='lat' dir='ltr'><strong>inissent</strong></span> <span class='ocrx_word' id='word_1_284' title='bbox 1417 4305 1519 4369; x_wconf 88' lang='lat' dir='ltr'><strong>alieni.</strong></span> 
     </span>
    </p>

    <p class='ocr_par' dir='ltr' id='par_1_11' title="bbox 512 4408 1626 4695">
     <span class='ocr_line' id='line_1_37' title="bbox 595 4408 1626 4491; baseline 0.002 -20"><span class='ocrx_word' id='word_1_285' title='bbox 595 4409 642 4471; x_wconf 81' lang='lat' dir='ltr'><strong>Er</strong></span> <span class='ocrx_word' id='word_1_286' title='bbox 663 4410 702 4472; x_wconf 84' lang='lat' dir='ltr'><strong>iis</strong></span> <span class='ocrx_word' id='word_1_287' title='bbox 724 4414 844 4481; x_wconf 77' lang='lat' dir='ltr'><strong>autem,</strong></span> <span class='ocrx_word' id='word_1_288' title='bbox 866 4408 918 4488; x_wconf 79' lang='lat' dir='ltr'><strong>qrsi</strong></span> <span class='ocrx_word' id='word_1_289' title='bbox 940 4409 1117 4471; x_wconf 87' lang='lat' dir='ltr'><strong>Parmenidi</strong></span> <span class='ocrx_word' id='word_1_290' title='bbox 1137 4411 1187 4471; x_wconf 83' lang='lat' dir='ltr'><strong>vei</strong></span> <span class='ocrx_word' id='word_1_291' title='bbox 1208 4410 1352 4488; x_wconf 79' lang='lat' dir='ltr'><strong>aequales</strong></span> <span class='ocrx_word' id='word_1_292' title='bbox 1372 4409 1421 4469; x_wconf 84' lang='lat' dir='ltr'><strong>rel</strong></span> <span class='ocrx_word' id='word_1_293' title='bbox 1443 4429 1594 4491; x_wconf 86' lang='lat' dir='ltr'><strong>suppares</strong></span> <span class='ocrx_word' id='word_1_294' title='bbox 1622 4449 1626 4462; x_wconf 69' lang='lat'><em>›</em></span> 
     </span>
     <span class='ocr_line' id='line_1_38' title="bbox 512 4508 1595 4594; baseline 0.008 -26"><span class='ocrx_word' id='word_1_295' title='bbox 512 4508 654 4588; x_wconf 72' lang='lat' dir='ltr'><strong>ruenni,</strong></span> <span class='ocrx_word' id='word_1_296' title='bbox 676 4512 813 4594; x_wconf 76' lang='lat' dir='ltr'><strong>physicis</strong></span> <span class='ocrx_word' id='word_1_297' title='bbox 834 4510 862 4572; x_wconf 90' lang='lat' dir='ltr'><strong>si</strong></span> <span class='ocrx_word' id='word_1_298' title='bbox 883 4510 1102 4592; x_wconf 75' lang='lat' dir='ltr'><strong>Anuagoreos</strong></span> <span class='ocrx_word' id='word_1_299' title='bbox 1118 4511 1313 4592; x_wconf 87' lang='lat' dir='ltr'><strong>potissimum</strong></span> <span class='ocrx_word' id='word_1_300' title='bbox 1330 4517 1424 4593; x_wconf 83' lang='lat' dir='ltr'><strong>atque</strong></span> <span class='ocrx_word' id='word_1_301' title='bbox 1444 4513 1595 4594; x_wconf 85' lang='lat' dir='ltr'><strong>Leucippi</strong></span> 
     </span>
     <span class='ocr_line' id='line_1_39' title="bbox 512 4612 1595 4695; baseline 0.009 -24"><span class='ocrx_word' id='word_1_302' title='bbox 512 4612 628 4675; x_wconf 90' lang='lat' dir='ltr'><strong>amicos</strong></span> <span class='ocrx_word' id='word_1_303' title='bbox 648 4615 841 4678; x_wconf 89' lang='lat' dir='ltr'><strong>Parmenidis</strong></span> <span class='ocrx_word' id='word_1_304' title='bbox 862 4612 1058 4677; x_wconf 73' lang='lat' dir='ltr'><strong>adversarios</strong></span> <span class='ocrx_word' id='word_1_305' title='bbox 1084 4613 1226 4678; x_wconf 80' lang='lat' dir='ltr'><strong>extitisse</strong></span> <span class='ocrx_word' id='word_1_306' title='bbox 1247 4615 1450 4695; x_wconf 79' lang='lat' dir='ltr'><strong>arbitramur,</strong></span> <span class='ocrx_word' id='word_1_307' title='bbox 1477 4617 1595 4681; x_wconf 81' lang='lat' dir='ltr'><strong>hebete</strong></span> 
     </span>
    </p>
   </div>
   <div class='ocr_carea' id='block_1_9' title="bbox 0 0 1907 5442">
    <p class='ocr_par' dir='ltr' id='par_1_12' title="bbox 0 0 1907 5442">
     <span class='ocr_line' id='line_1_40' title="bbox 0 0 1907 5442; baseline 0 0"><span class='ocrx_word' id='word_1_308' title='bbox 0 0 1907 5442; x_wconf 95' lang='lat' dir='ltr'><strong> </strong></span> 
     </span>
    </p>
   </div>
  </div>
 </body>
</html>
