3775 5442
418 627 481 696 lot
724 623 831 684 ,Liber
850 625 971 700 pulmon.
1013 621 1115 682 Seotlo
1137 621 1172 681 V.

415 794 596 868 dloorlmlue
615 810 688 857 eooe
708 793 857 869 dtvemu,
879 793 935 856 eed
957 811 1027 854 eum
1040 793 1123 855 luter
1135 752 1505 873 utrumquelnleroedere

415 901 589 972 notionem,
609 900 645 958 nt
671 893 721 955 od
747 894 924 973 imminuto,
953 914 1004 956 eo
1030 901 1120 959 ouote
1140 913 1212 959 eene
1232 894 1382 960 videntur.
1491 974 1494 979 y

502 1408 575 1471 lilio
595 1406 725 1467 utamur·
742 1407 900 1487 exemplo,
923 1423 985 1486 quo
1004 1422 1057 1466 reu
1069 1404 1161 1467 etiem
1179 1382 1335 1468 illuolrlor
1346 1403 1410 1465 oet
1440 1401 1504 1463 Fue

418 1508 500 1574 enlm
534 1508 642 1573 culum
675 1524 745 1570 eme
783 1509 934 1573 deoenulo
971 1508 1123 1570 melotem
1153 1527 1243 1587 quum
1270 1505 1504 1587 Sempronium

419 1613 552 1675 alterum
579 1612 688 1693 viginti
717 1631 815 1677 onnon
837 1614 973 1689 luubere,
1008 1613 1130 1677 decem,
1146 1610 1286 1672 alterum.
1335 1611 1434 1674 Nemo
1456 1609 1505 1670 ln-

418 1715 585 1791 llliebltur,
613 1715 697 1791 luter
724 1734 779 1778 eoo
808 1736 883 1780 eune
911 1736 969 1799 per
990 1721 1087 1777 totum
1115 1715 1208 1775 ultum
1231 1713 1360 1776 undem
1380 1730 1505 1793 semper

418 1837 546 1881 munere
566 1815 677 1879 uetetle
696 1818 952 1897 discrepentlum,
974 1817 1252 1897 Semproniumque
1267 1835 1430 1896 numquam
1443 1831 1506 1875 non

419 1922 494 1984 Ceio
520 1922 575 1983 lllo
604 1939 662 1983 euo
689 1920 797 1981 deoem
819 1920 906 1983 unnle
931 1921 1003 1983 iore
1023 1921 1186 1985 minorem.
1229 1923 1292 1985 lum
1314 1887 1507 1998 vero⁸pone-

419 2044 506 2099 mue,
527 2024 634 2085 cuium
647 2023 826 2103 peruenisse
844 2025 882 2085 ud
895 2043 1006 2087 ennom
1020 2027 1133 2088 uetulle
1146 2024 1382 2108 sexageslmum,
1404 2036 1506 2099 eoque

418 2136 563 2208 tempore
583 2125 798 2206 Sempronium
821 2126 851 2188 el
873 2128 1072 2208 desponderi.
1120 2128 1210 2205 lieu,
1236 2127 1384 2190 inleerum
1411 2122 1506 2203 virgi-

419 2232 507 2293 nem!
535 2192 672 2309 Quodol
692 2229 773 2289 enlm
796 2230 856 2290 lum
879 2230 945 2292 elue
961 2238 1094 2295 uetutem
1107 2253 1175 2294 oum
1191 2232 1265 2294 culo
1281 2246 1505 2311 eompurumuo,

420 2333 565 2415 proiecto
587 2332 707 2411 liquido
729 2339 876 2413 uppuret,
898 2353 978 2414 quoe
1000 2336 1120 2405 deolmo
1142 2337 1225 2397 ultue
1245 2353 1321 2397 enee
1337 2351 1417 2395 euno
1439 2330 1507 2393 totu

420 2438 548 2501 dimidiu
574 2444 665 2518 purte
691 2436 797 2499 lueret
825 2438 941 2500 umuslo
975 2458 1032 2502 eoo
1058 2440 1179 2516 lunlor,
1214 2458 1283 2501 eum
1309 2455 1392 2500 nune
1420 2440 1507 2497 sexte

419 2548 540 2604 tuntum
566 2547 656 2620 porte
686 2559 836 2602 nouorum
872 2541 983 2603 eodem
1019 2530 1172 2607 minorem
1200 2543 1343 2606 euuuiuee.
1399 2540 1506 2618 ltuque

419 2645 605 2726 Sempronio
631 2663 701 2707 eum
730 2644 798 2706 culi
825 2649 927 2707 uetote
958 2653 1136 2728 eompurutu
1164 2645 1274 2726 utique
1302 2642 1402 2706 melor
1421 2640 1507 2703 lueto

421 2754 487 2810 eote
536 2746 630 2826 culus,
656 2751 759 2813 eutem
788 2766 858 2809 oum
880 2767 994 2829 eponeu
1015 2769 1072 2813 oue
1093 2750 1240 2824 oollutue,
1263 2747 1385 2810 etlumul
1403 2743 1507 2807 neuti-

422 2871 512 2932 qnum
534 2850 684 2913 iuvenileo
706 2869 802 2912 onnon
822 2852 1032 2932 recuperauit,
1054 2861 1159 2915 tumen
1181 2852 1397 2915 multominus
1414 2850 1507 2931 olleo

422 2962 524 3018 uetute
556 2974 613 3017 oue
640 2953 752 3029 dlelut,
786 2973 878 3034 quum
910 2974 973 3034 quo
1007 2961 1151 3037 tempore
1182 2956 1294 3037 egebat
1324 2954 1507 3037 vigesimum

422 3059 532 3124 uetutlu
554 3076 675 3118 annum.
1367 3048 1370 3055 ’

505 3158 609 3236 Atque
629 3157 706 3217 naec
727 3156 755 3218 ol
777 3163 864 3219 reete
886 3159 1125 3240 disputavimus,
1148 3161 1309 3223 evidenter
1329 3177 1402 3224 eune
1416 3163 1506 3239 pote-

363 3320 371 3335 ,
421 3279 490 3323 mue
512 3277 679 3338 uppurere,
702 3276 796 3321 unum
819 3267 912 3340 utque
934 3252 977 3324 τὰ
1000 3255 1088 3326 ἄλλα
1114 3263 1167 3327 lule
1188 3283 1314 3345 quoque
1333 3264 1378 3326 lte
1400 3261 1506 3343 explo-

421 3363 501 3437 rurl,
531 3368 567 3423 ut
593 3361 643 3424 uel
670 3381 729 3444 per
755 3383 791 3425 ee
812 3370 1008 3444 upeetentur,
1043 3368 1092 3429 vel
1118 3374 1227 3430 mutuo
1259 3368 1298 3429 ed
1321 3366 1507 3431 seinvicem

421 3465 609 3528 referuntur.
655 3465 734 3528 Num
762 3471 914 3547 quotenne
941 3471 1178 3533 considerentur
1205 3490 1264 3553 per
1291 3491 1326 3534 ee
1354 3487 1507 3543 seorsum,

423 3568 566 3650 quonium
587 3567 664 3650 lpqu
684 3576 793 3636 mutuo
815 3573 866 3635 vel
885 3573 991 3653 priore
1003 3576 1052 3637 vel
1065 3577 1241 3657 posteriore
1253 3582 1412 3655 ponuntur
1426 3590 1507 3647 eeee,
1548 3590 1550 3595 ⁸

422 3672 566 3754 prolecto
594 3692 718 3755 eemper
752 3675 835 3738 ldem
870 3676 986 3740 liabent
1015 3677 1164 3761 temporie
1198 3677 1438 3751 incrementum,
1471 3677 1509 3735 ut

422 3783 509 3839 reete
533 3779 724 3841 oontendere
744 3779 852 3856 lioeut,
886 3800 944 3843 nee
970 3800 1065 3845 onum
1094 3784 1208 3847 eeterlu
1235 3802 1293 3846 neo
1319 3787 1423 3843 uetere
1443 3796 1507 3839 uuo

422 3897 556 3960 unquam
578 3880 647 3942 lieri
667 3882 717 3943 vel
737 3883 853 3945 muloru
875 3889 977 3948 uetute
998 3887 1047 3948 vel
1068 3887 1187 3949 minore
1201 3906 1304 3968 poseo.
1347 3884 1508 3963 Quatenus

421 3990 525 4046 eutem
546 3983 629 4044 iuter
648 3984 718 4066 lpuu
738 3995 955 4066 oomperuntur
976 3996 1009 4052 et
1036 3992 1076 4052 ud
1103 4011 1139 4054 ee
1165 3991 1295 4054 lnvloem
1315 3986 1507 4061 referuntur,

422 4087 456 4151 lo
475 4105 594 4150 ιιιιιιιιιι
616 4087 799 4151 inerementi
819 4093 1007 4170 oequdltute
1028 4101 1132 4156 tomen
1155 4095 1278 4157 evenire
1296 4108 1426 4153 neeeeee
1448 4096 1509 4166 eut,

423 4198 459 4254 ut
474 4191 557 4273 quod
571 4190 658 4272 prinu
678 4198 748 4254 erut
768 4193 923 4275 unthniuo
944 4197 995 4258 vel
1017 4196 1204 4274 diuturnior,
1226 4197 1259 4259 id
1277 4194 1392 4259 eeuelm
1411 4193 1510 4274 pede-

422 4297 595 4376 tentimque
615 4299 759 4374 tempore
779 4297 965 4385 depremere
978 4299 1136 4380 uidentur.
1185 4301 1233 4363 Ex
1255 4318 1316 4380 quo
1339 4298 1508 4380 colligitur,

421 4416 516 4459 unum
538 4396 651 4461 oeterio
672 4398 742 4459 lieri
763 4386 858 4477 poene
878 4407 982 4464 eetete
1002 4405 1100 4466 muiue
1114 4408 1206 4482 utque
1220 4402 1339 4481 minue,
1361 4421 1398 4464 ec
1418 4402 1509 4464 viole-

422 4498 480 4560 uim
502 4506 606 4561 eeteru
627 4520 697 4563 uno.
740 4501 827 4562 Huee
848 4503 951 4564 omniu
972 4511 1075 4567 eutem
1098 4525 1159 4586 quo
1182 4507 1386 4569 fundamento
1408 4506 1510 4567 nitun-

423 4609 490 4678 tur,
513 4602 626 4682 quldue
646 4603 710 4666 eibi
726 4606 838 4684 uelint,
860 4624 924 4670 non
944 4609 1111 4672 obeuntum
1129 4618 1367 4694 eosepntomuo.
1410 4592 1508 4672 Nemo
