3775 5442
473 646 515 709 ⁰2
802 644 888 706 Liber
910 648 1030 723 primm.
1074 645 1174 706 Sentio
1197 647 1231 710 ii.

472 813 783 899 ἀποδέχεσθαι,
805 819 874 879 τῶν
894 807 979 880 ὃόὖ
1001 822 1157 908 πανταχῇ
1172 812 1212 880 τὸ
1231 814 1270 882 ὃν
1283 813 1463 884 κινούντων
1476 824 1560 902 pmii

475 912 513 983 τὸ
536 913 703 1002 παράπαν
725 912 860 983 ἀκούειν
882 941 912 982 κ.
936 940 963 982 τ.
986 918 1015 982 λ.
1059 921 1122 982 Sed
1145 922 1290 1000 quioniam
1313 920 1452 985 videmus
1474 924 1560 987 Hen-

470 1024 569 1085 ricum
591 1022 767 1097 Rittcrum,
790 1024 950 1102 egregium
964 1023 1343 1104 itietorirephiioeopiriao
1362 1027 1558 1106 scriptorem,

470 1128 503 1189 in
528 1124 641 1188 Murco
672 1124 823 1188 llitennno
853 1124 923 1188 Voi.
946 1126 981 1188 ii.
1017 1126 1100 1189 Part.
1121 1127 1169 1189 lii.
1197 1146 1228 1205 p.
1251 1126 1323 1188 807.
1353 1129 1560 1190 Sohieierma-

471 1229 558 1290 citeri
580 1228 699 1290 interd
722 1226 899 1309 ntegrum·
921 1230 1082 1309 pertinere
1106 1229 1271 1290 iudicantis
1294 1233 1480 1293 seutentiam
1502 1235 1560 1293 im-

469 1333 637 1413 probam,
661 1332 735 1410 quid
758 1350 816 1395 noe
837 1339 964 1414 praeter
986 1349 1110 1392 concere
1132 1332 1170 1391 ab
1188 1332 1256 1412 ipso
1269 1333 1558 1398 Scitieiermecirero

470 1438 579 1498 citatae
602 1433 820 1508 commoverit,
844 1442 879 1495 at
899 1435 978 1496 haec
994 1432 1073 1528 item
1095 1434 1135 1494 ad
1156 1432 1386 1515 Megaricorum
1407 1441 1557 1513 factitiam

469 1536 636 1602 referenda
668 1554 864 1611 cenemmua,
900 1536 1005 1616 perrois
1033 1537 1187 1616 explicare
1212 1538 1305 1603 iuvat.
1354 1542 1396 1603 nt
1423 1543 1557 1623 primum

470 1643 595 1722 quidem
618 1641 668 1702 hio
690 1640 908 1702 memorandus
931 1647 980 1700 eet
1000 1640 1089 1702 iocur
1118 1640 1246 1705 Aristot.
1269 1641 1408 1724 Metaph.
1426 1644 1507 1708 xiv.
1525 1648 1556 1708 4.

469 1746 523 1807 ubi
545 1746 692 1826 leguntur
712 1745 808 1806 lineet
835 1744 903 1805 τῶν
916 1742 951 1803 δὲ
964 1735 1038 1814 τὰς
1053 1737 1285 1820 ἀκινήτους
1307 1741 1456 1821 οὐσίας
1470 1743 1556 1810 εἶναι

469 1841 634 1929 λεγόντων
656 1850 687 1910 oi
710 1852 771 1929 μέν
794 1864 899 1933 ιμισιν
922 1834 1095 1905 αὐτὰτὰ
1118 1845 1160 1906 ἓν
1180 1844 1227 1908 τὸ
1250 1842 1431 1929 ἀγαθὸν
1452 1844 1556 1913 αὐτὸ

469 1946 593 2012 εἶναι·
622 1942 740 2011 οὐσίαν
762 1948 877 2027 μέντοι
901 1937 939 2006 τὸ
963 1945 1006 2009 ἓν
1027 1941 1131 2008 αὐτοῦ
1155 1939 1262 2027 ᾤοντο
1284 1945 1368 2012 εἶναι
1396 1946 1555 2032 μάλιστα.

469 2053 556 2131 Quae
576 2050 604 2110 ei
626 2051 696 2129 qriie
719 2049 856 2121 dubitet,
878 2066 1026 2127 quorsum
1049 2050 1239 2128 pertineant,
1269 2054 1353 2133 legat
1374 2053 1402 2113 ie
1424 2052 1554 2132 Diogen.

467 2155 568 2214 Lanu.
591 2153 626 2214 ΙΙ.
650 2152 723 2215 100.
747 2150 829 2213 unde
851 2136 1022 2212 clarissime
1042 2151 1250 2234 intelligetur,
1273 2172 1309 2215 ea
1330 2155 1369 2217 ed
1392 2156 1555 2217 Euclidem

467 2258 683 2338 megarensem
712 2255 828 2316 referri
856 2260 1014 2333 oportere.
1057 2257 1149 2334 Quod
1170 2258 1197 2321 si
1218 2259 1262 2319 ita
1284 2266 1349 2333 est,
1380 2260 1472 2319 eicuii
1494 2268 1554 2331 est,

468 2363 658 2425 lucuientum
681 2376 757 2421 rane
777 2358 927 2421 habemus
950 2360 1178 2434 teotimonium,
1200 2380 1262 2440 quo
1280 2362 1455 2442 Megarico·
1468 2361 1555 2423 ideae

466 2466 642 2529 immobiles
675 2463 822 2525 etrtuiaac
851 2463 1027 2534 evincaturr
1065 2480 1136 2522 nam
1157 2462 1217 2522 hae
1246 2471 1318 2526 erint
1346 2465 1429 2525 haud
1459 2466 1554 2526 dubie

467 2567 623 2646 ἀκίνητοι
658 2567 739 2628 istoc
772 2561 899 2639 οὐσίαι,
944 2583 1074 2626 numero
1108 2566 1316 2629 mitititrrdinir
1352 2566 1552 2648 significatae.

472 2672 564 2754 Quod
592 2671 688 2750 igitur
717 2670 858 2731 liitterut
881 2669 1070 2730 desideravit
1091 2671 1131 2730 de
1153 2672 1211 2733 hac
1232 2671 1461 2752 Megaricorum
1485 2673 1554 2751 opi-

466 2778 559 2839 nione
575 2775 806 2848 testimonium,
829 2773 890 2834 hoc
902 2773 963 2833 iem
977 2772 1059 2854 opud
1072 2773 1257 2855 scriptorem
1275 2776 1551 2854 locupletissimum

465 2883 623 2943 inventum
644 2886 710 2954 eet,
733 2884 769 2939 ut
790 2876 847 2936 hac
861 2876 986 2954 quidem
1000 2895 1039 2936 ex
1057 2883 1146 2956 perte
1163 2876 1240 2938 niiril
1252 2879 1390 2959 eorrrpuii
1412 2881 1553 2941 recidere

469 2986 620 3046 videatur.
666 2982 728 3043 Sed
759 2998 852 3060 quum
881 2977 960 3037 haec
987 2997 1038 3039 rer
1060 2981 1338 3042 Schieiermeclreri
1367 2985 1552 3042 uenientium

468 3088 550 3149 haud
583 3084 785 3146 mediocriter
806 3078 1008 3152 communiat,
1037 3086 1103 3140 tum
1125 3082 1245 3142 accedit
1265 3083 1350 3143 aiiud
1371 3085 1465 3161 quid,
1489 3104 1551 3162 quio

463 3210 500 3249 eo
521 3197 627 3251 nostra
641 3186 765 3264 quidem
778 3182 930 3242 sententia
945 3181 1076 3240 maximo
1087 3182 1296 3245 confirmetur.
1340 3187 1448 3263 neque
1466 3188 1547 3246 enim

462 3304 582 3353 temere
603 3284 804 3350 Parmenides
826 3282 909 3361 apud
931 3283 1093 3344 Pictorem
1113 3286 1156 3347 ita
1171 3287 1303 3367 loquens
1318 3288 1492 3365 inducitur,
1517 3303 1552 3352 ut

463 3394 592 3473 proiatia
616 3391 655 3451 de
677 3387 834 3450 Socratica
855 3385 996 3446 idearum
1018 3386 1159 3450 doctrine
1181 3390 1368 3470 graviorimia
1381 3392 1550 3456 dubitatio-

463 3498 553 3558 nibus
575 3500 687 3573 epoute
710 3488 910 3564 confiteatur,
933 3490 1065 3553 strbletio
1086 3492 1166 3556 idcir
1188 3513 1312 3555 omnem
1330 3498 1454 3559 omuino
1477 3500 1550 3560 artb-

463 3601 558 3659 iatum
581 3598 620 3657 iri
642 3613 746 3656 rerum
771 3593 942 3652 diuinorum
964 3594 1135 3658 scieritiom.
1179 3596 1249 3660 iloc
1269 3598 1349 3659 enim
1374 3601 1442 3661 iieri
1464 3608 1550 3662 certe

462 3720 522 3762 ιιοιι
546 3700 700 3772 iicuiuret,
723 3697 782 3757 nisi
804 3696 865 3776 ipei
888 3696 1055 3776 Megarici,
1080 3701 1191 3777 ortibus
1212 3702 1550 3782 Platopriueipiaeuae

460 3805 558 3884 ipsius
582 3803 742 3863 doctrinae
764 3801 933 3862 oriendere
954 3820 990 3861 ec
1017 3804 1194 3882 patefecere
1215 3807 1355 3879 volebat,
1388 3808 1451 3867 taie
1474 3809 1548 3888 quid

461 3908 651 3968 minuissent.
697 3903 908 3966 Deridicuium
930 3904 1013 3965 enim
1034 3904 1164 3979 fuisset,
1187 3907 1227 3968 iia
1248 3909 1399 3989 principia
1416 3916 1448 3970 et
1461 3930 1549 3971 oaus-

460 4032 511 4073 eae
545 4010 684 4071 idearum
718 4016 894 4068 monstrare
924 4008 1024 4082 velie,
1069 4010 1122 4086 qui
1150 4028 1202 4072 eas
1231 4012 1356 4073 omuino
1389 4011 1545 4071 toiiereut.

461 4115 562 4176 iiiuito
595 4121 698 4172 utitem
729 4112 865 4190 ineptius
893 4110 1021 4184 i'uireet,
1051 4110 1209 4173 Eieetieae
1237 4114 1373 4174 iamiiiue
1394 4130 1546 4172 summum

460 4219 641 4297 magistrum
664 4235 700 4275 ea
723 4216 828 4276 iacere
849 4213 1087 4286 concedentem,
1119 4234 1198 4293 quiae
1219 4235 1258 4276 ue
1279 4219 1302 4276 ii
1324 4215 1464 4294 uiridem,
1494 4218 1547 4294 qut

459 4329 569 4398 postea
592 4320 658 4381 eius
680 4314 845 4395 amplexati
867 4323 956 4375 erunt
977 4315 1147 4391 rationem,
1171 4317 1234 4378 ulio
1257 4318 1350 4380 modo
1367 4318 1547 4396 probarent.

460 4425 610 4501 Quocirca
634 4441 690 4481 noe
713 4417 836 4496 quidem
860 4417 890 4476 iu
914 4436 950 4476 ea
972 4436 1077 4478 crimus
1100 4419 1255 4497 opiniouc,
1279 4428 1314 4480 ut
1330 4420 1546 4483 Parmenidem

459 4525 511 4584 irie
534 4533 676 4602 putemus
700 4522 855 4581 erretiuere
877 4526 982 4595 partes
1004 4520 1232 4601 Megaricorum
1253 4542 1272 4583 ι
1293 4522 1423 4583 Piotouc
1441 4528 1469 4586 ei
1490 4526 1547 4585 im-

459 4626 585 4704 positus,
609 4626 741 4701 ideoque
757 4622 788 4682 id
803 4620 916 4701 largiri,
941 4622 1024 4699 qrtod
1041 4622 1089 4685 itia
1104 4630 1212 4704 postet
1226 4624 1357 4687 maxime
1367 4628 1544 4705 placuisset.
