3775 5442
663 653 747 714 Liber
768 657 883 716 tertius.
925 652 1026 715 Sectio
1047 654 1096 718 ill.
1351 651 1415 715 825

337 830 486 905 protenus
508 832 664 907 apparant.
717 827 763 888 lix
785 846 845 906 qun
867 828 946 890 iilud
967 833 1054 889 certe
1074 826 1220 889 effectum
1243 843 1312 887 esse
1334 826 1414 886 arbi-
1466 893 1469 897 y

337 937 470 1004 memor,
498 930 582 1009 quod
610 933 682 989 ante
711 931 813 991 omnio
841 933 908 989 erat
934 930 1172 1009 exquirendum,
1204 937 1240 989 nt
1268 946 1415 1008 quorsum

335 1031 491 1111 pertineat
518 1032 615 1095 totius
644 1031 860 1112 disputationis
882 1049 1019 1107 summa,
1050 1049 1112 1092 uon
1135 1031 1265 1110 amplius
1287 1032 1416 1093 abscou-

337 1135 436 1197 ditum
459 1137 564 1197 iateat.
607 1136 710 1215 litque
730 1134 808 1196 haec
830 1133 954 1212 quidem
977 1136 1018 1197 de
1039 1133 1273 1215 argumentandi
1293 1133 1415 1196 radone

336 1257 356 1297 a
377 1237 561 1300 Parmenide
582 1244 746 1318 usurpata,
777 1255 857 1315 qnae
882 1238 1014 1298 maxime
1040 1236 1164 1298 videtur
1197 1235 1358 1311 effecisse,
1374 1241 1415 1298 'ut

335 1339 395 1401 viri
417 1341 501 1403 docti
521 1347 622 1403 totum
644 1341 727 1402 inune
747 1340 861 1402 librum
883 1341 932 1402 vel
953 1359 1117 1421 perperam
1138 1340 1333 1418 interpretati
1352 1339 1416 1403 sint

336 1444 386 1504 vei
412 1445 503 1524 piane
530 1443 610 1506 nihii
636 1445 699 1506 siut
726 1444 874 1519 assecuti,
908 1443 993 1522 quod
1030 1443 1070 1504 ad
1099 1459 1169 1505 cnm
1200 1443 1414 1505 idustrandum

336 1546 441 1626 aliquo
463 1546 558 1609 modo
578 1546 687 1609 valeat.
1174 1602 1177 1607 .
1364 1599 1367 1604 .

423 1651 526 1711 Unum
548 1653 693 1728 superest
714 1645 945 1722 excutiendum,
968 1646 1052 1728 quod
1074 1647 1156 1710 sitne
1174 1648 1346 1711 Eleaticum
1366 1648 1416 1710 vei

334 1751 531 1832 Megaricum
551 1769 663 1828 neme,
690 1752 797 1830 utique
826 1750 986 1829 ambigere
1007 1751 1107 1812 liceat.
1151 1752 1357 1831 Quamquam,
1388 1751 1417 1814 si

334 1854 449 1934 quide
468 1853 679 1934 superioribus
698 1853 847 1933 colligere
863 1853 948 1929 licet,
967 1873 1008 1916 ne
1024 1854 1086 1916 hoc
1105 1855 1231 1936 quidem
1252 1874 1270 1915 a
1291 1854 1418 1916 scholae

330 1957 515 2037 >Megaricae
548 1952 771 2019 consuetudine
800 1956 971 2019 abhorrere
1004 1958 1250 2022 existimmrim.
1301 1956 1416 2019 Mirum

335 2061 420 2122 enim
442 2060 540 2121 videri
562 2058 672 2140 poerit,
694 2058 779 2137 quod
799 2057 889 2122 Plato
910 2060 950 2119 de
970 2060 1150 2140 gravissima
1161 2060 1321 2123 doctrinae
1342 2070 1417 2122 suec

336 2169 426 2244 parte
448 2163 659 2242 disputaturus
679 2160 757 2222 iliud
778 2160 890 2242 ipsum,
912 2163 954 2224 de
975 2181 1037 2243 quo
1058 2165 1228 2242 quaeritur,
1256 2165 1340 2225 nulle
1361 2161 1416 2226 de-

336 2268 481 2329 iinitlone
502 2265 752 2343 circumscripsit,
773 2268 959 2347 praesertim
980 2285 1075 2346 quum
1095 2267 1164 2347 ipae
1185 2268 1216 2329 in
1231 2267 1372 2329 Phaedro
1381 2265 1415 2348 *)

338 2388 462 2432 omnem
484 2370 633 2448 cuiusque
658 2368 706 2429 rei
733 2369 964 2447 quaestionem,
987 2387 1065 2448 qnae
1086 2388 1156 2430 cnm
1177 2370 1298 2432 ratione
1319 2371 1416 2433 susci-

339 2474 458 2553 piatur,
493 2473 603 2534 exinde
629 2472 786 2551 proficisci
818 2472 935 2534 debere
961 2473 1171 2552 praeceperit,
1210 2478 1247 2533 ut
1277 2473 1348 2552 quid
1374 2473 1417 2537 sit

339 2576 432 2647 iliud,
460 2576 502 2636 de
528 2595 590 2654 quo
618 2577 801 2654 quaeratur,
830 2580 903 2634 ante
930 2575 1034 2635 omnia
1055 2573 1213 2635 subtiliter
1236 2577 1415 2656 explicetur.

340 2679 506 2741 Enimvero
537 2697 596 2738 uec
624 2679 685 2738 τοῦ
716 2668 807 2749 ἑνός,
835 2693 894 2736 nec
915 2678 974 2739 τοῦ
997 2668 1111 2748 ὄντος,
1132 2695 1192 2737 nec
1212 2680 1279 2740 τῶν
1300 2682 1418 2759 ἐτέρων

339 2781 482 2844 nationes
510 2782 573 2843 ulio
600 2779 695 2841 modo
724 2776 927 2849 deliniuntur,
961 2778 1019 2838 scd
1046 2784 1204 2857 ponuntur
1230 2778 1293 2855 ita,
1324 2787 1358 2841 ut
1378 2781 1417 2843 ab

340 2884 419 2964 ipsis
439 2885 612 2964 legentibus
627 2901 663 2944 ex
685 2882 847 2947 universae
866 2880 1082 2958 disputationis
1104 2887 1285 2959 argumento
1308 2900 1417 2943 ernen-

342 2989 404 3050 dae
423 2989 483 3051 sint
504 3008 540 3049 ac
561 2986 656 3048 veluti
678 2983 872 3047 niviumoae.
922 2984 965 3045 lut
986 2985 1027 3045 dc
1047 2982 1273 3064 Megaricorum
1294 2985 1418 3065 quidem

339 3093 402 3155 icoc
422 3093 454 3153 io
475 3109 591 3171 gauere
612 3088 750 3150 moribus
767 3093 800 3147 et
814 3086 963 3150 institutis
980 3088 1057 3149 nihii
1070 3087 1238 3151 memoriae
1259 3090 1426 3170 proditum.

340 3203 400 3272 est,
424 3196 506 3257 unde
526 3194 604 3256 certi
625 3190 699 3271 quid
721 3190 907 3253 concludere
928 3191 1028 3254 liceat.
1072 3193 1150 3255 Nam
1171 3192 1254 3272 qtrod
1266 3192 1417 3272 Deyksius

340 3303 362 3365 1.
383 3302 405 3362 Ι.
434 3320 465 3380 p.
487 3299 538 3360 38.
564 3296 726 3358 Euclidem
755 3297 936 3373 pronuntiet
962 3294 994 3356 in
1025 3294 1208 3375 disputando
1237 3295 1418 3358 definitione

340 3422 430 3467 usum
454 3420 538 3476 csse,
568 3407 734 3480 propterea
762 3398 846 3478 quod
868 3403 901 3459 et
921 3399 1058 3459 Socratis
1089 3398 1211 3476 gavisus
1233 3397 1275 3458 sit
1295 3399 1417 3460 institu-

341 3507 429 3568 tione
449 3525 485 3567 ac
507 3505 683 3583 disciplina,
708 3507 743 3563 et
765 3503 940 3564 Socraticos
963 3500 1173 3580 composuerit
1196 3499 1352 3579 dialogos,
1381 3520 1419 3562 ea

341 3609 497 3672 sentemia
523 3608 640 3668 incerta
666 3607 777 3668 nititur
803 3605 988 3685 suspicione.
1037 3603 1168 3664 Etiamsi
1195 3602 1277 3663 euim
1305 3602 1359 3663 ilie
1384 3604 1418 3666 nr

342 3713 540 3776 sermonibus
568 3728 657 3772 more
684 3708 843 3772 Socratico
872 3708 995 3785 scriptis
1023 3706 1191 3769 deliniendi
1228 3707 1418 3785 diligentiam

342 3833 406 3879 uon
432 3815 474 3879 ait
500 3819 698 3894 aspernatum
730 3819 834 3873 tamen
861 3809 945 3871 id'em
970 3810 1003 3871 in
1031 3810 1209 3872 disserendo
1237 3810 1339 3888 potuit
1356 3809 1419 3871 ‘ad-

342 3922 485 3994 mittere,
512 3925 549 3979 nt
576 3918 649 3980 hnic
674 3919 735 3998 ipsi
760 3934 867 3998 purum
904 3914 1072 3987 tribueret,
1106 3912 1290 3994 praesertim
1325 3928 1419 3992 orrum

343 4024 524 4087 notionibus
546 4039 607 4082 nou
629 4025 770 4081 accurate
791 4018 948 4099 explicatis
981 4018 1160 4079 dialecticae
1181 4015 1320 4078 tenuitati
1341 4017 1420 4079 1tte-
1499 4033 1516 4047 “

343 4128 459 4188 riorcm
481 4143 621 4206 campum
644 4123 757 4203 aperiri
778 4122 1053 4184 animadvertisset.
1117 4119 1224 4199 Neque
1252 4120 1330 4184 hauc
1350 4139 1420 4184 seo-

344 4230 472 4292 tentiam
513 4247 673 4308 speramur
692 4225 913 4307 'improbatum
952 4226 993 4285 iri
1025 4223 1081 4297 iis,
1125 4224 1177 4301 qui
1211 4241 1289 4304 quae
1324 4223 1421 4286 chr.

343 4333 488 4395 liitterns
509 4331 613 4395 Musei
641 4330 782 4396 Rheon.
803 4329 842 4395 Τ.
862 4329 898 4392 li.
925 4327 1013 4390 Fasc.
1036 4326 1084 4388 iii.
1105 4345 1135 4407 p.
1158 4326 1222 4390 825
1235 4346 1280 4408 sap
1302 4326 1361 4389 isac
1380 4325 1421 4388 de

353 4496 556 4506 ..ι-.-

395 4586 449 4707 Ιὲὲ
460 4586 523 4707 ⁹3⁸⁴
543 4584 606 4636 23⁷.
620 4584 650 4636 o.
670 4584 735 4637 ιιιι.
755 4602 780 4655 p.
799 4581 863 4635 ocu.
889 4583 958 4634 oar.
978 4581 1083 4635 urano..
1102 4560 1134 4654 p!
1147 4582 1190 4633 rr.
1210 4579 1255 4632 oo.
1271 4582 1303 4633 n.
1338 4566 1418 4665 usp.

348 4673 376 4726 P.
450 4691 458 4707 s
496 4689 503 4705 .
755 4695 758 4703 .
