3775 5442
427 658 487 717 lou
764 652 849 710 Liber
871 656 991 730 primur.
1033 651 1132 712 Seotio
1154 653 1189 714 V.

427 827 534 898 decet,
558 830 592 885 ut
615 839 707 883 uuum
729 828 796 883 tum
818 824 877 886 sibi
901 822 961 904 ipsi
982 832 1047 885 tum
1078 825 1145 884 aliis
1174 823 1274 883 simile
1303 841 1339 882 ac
1361 821 1511 887 dissimile

424 949 493 1003 esse
516 931 672 1008 appareat.
716 924 792 986 Nam
815 946 908 1005 quunr
930 932 1034 988 cetera
1056 928 1094 988 ab
1118 946 1179 987 rino
1203 935 1233 988 et
1250 947 1344 988 arnum
1360 946 1377 986 a
1395 929 1510 991 ceteris

424 1030 585 1105 differant,
621 1037 654 1090 ct
684 1030 809 1108 quidem
830 1032 898 1110 pari
920 1030 1057 1102 ratione3
1092 1031 1161 1089 lieri
1184 1029 1328 1108 proiecto
1352 1048 1413 1091 non
1436 1039 1509 1110 pot-

424 1140 488 1206 est,
512 1133 585 1212 quin
607 1128 794 1194 diversitatis
817 1139 926 1193 aalma
948 1134 1065 1211 pariter
1087 1133 1119 1192 in
1143 1139 1247 1191 cetera
1265 1140 1358 1211 atque
1371 1134 1402 1194 in
1417 1154 1510 1195 sinum

424 1238 594 1297 conveniat.
631 1237 676 1296 lia
687 1256 748 1316 quo
765 1235 975 1313 consequitur,
997 1234 1191 1295 intercedere
1205 1236 1285 1295 inter
1296 1244 1399 1296 cetera
1416 1246 1512 1316 atque

425 1360 517 1400 ιιιιιιιιι
549 1340 783 1401 similitudinem
803 1339 846 1417 *).
897 1337 959 1398 Sed
983 1356 1041 1398 nec
1068 1338 1327 1400 dissimilitudinis
1358 1342 1510 1401 rationem

425 1445 603 1524 patefacere
632 1443 760 1503 diilicile
789 1441 923 1501 videtur.
972 1441 1031 1501 Est
1054 1441 1132 1500 enim
1163 1461 1199 1501 ca
1226 1443 1323 1516 ratio,
1353 1462 1413 1523 qua
1434 1444 1509 1522 quid

423 1548 506 1609 idem
529 1555 578 1606 est
599 1554 692 1625 atquc
714 1545 797 1606 aliud
820 1544 909 1622 quid,
944 1546 1034 1623 plane
1057 1544 1209 1604 contraria
1231 1551 1264 1605 et
1286 1545 1429 1625 opposita
1451 1546 1508 1619 iili,
1531 1557 1533 1560 ⁴

426 1671 485 1730 qua
508 1651 581 1729 quid
604 1668 621 1709 a
643 1650 756 1710 ceteris
778 1654 827 1709 est
848 1648 1014 1710 divorsum.
1059 1646 1206 1708 lamvero
1228 1647 1379 1726 apparuit,
1403 1669 1507 1719 unum,

426 1763 578 1834 quatenus
601 1760 684 1814 essct
697 1752 870 1825 diverurm,
893 1751 996 1812 simile
1008 1751 1120 1813 ceteris
1139 1750 1282 1811 existere.
1324 1751 1410 1832 Ergo
1425 1753 1508 1812 idens

426 1857 594 1917 secundum
618 1856 804 1916 contrariam
827 1856 977 1916 rationem
1000 1856 1112 1930 ceteris
1135 1854 1244 1915 evadet
1257 1847 1417 1916 dimunile.
1454 1856 1509 1916 At·

427 1979 489 2038 que
509 1960 586 2018 lucc
607 1958 667 2018 alia
683 1961 775 2019 eliam
789 1959 1054 2038 argumentatione
1069 1960 1251 2021 confirmare
1262 1956 1378 2019 licebit.
1413 1958 1508 2018 Nimi-

425 2082 493 2124 rum
517 2068 668 2140 quatenus
690 2063 818 2134 ceteris,
842 2070 874 2122 ct
896 2063 942 2136 ei,
965 2061 1048 2139 quod
1072 2081 1164 2123 ιιιιιιιιι
1187 2069 1252 2137 est,
1274 2059 1359 2121 idem
1373 2062 1508 2131 .accidit;

425 2183 488 2224 nou
516 2165 627 2225 accidit
655 2165 765 2226 iisdem
795 2164 951 2227 divorsum
981 2164 1136 2243 quiddam.
1194 2164 1285 2243 Quod
1312 2171 1416 2224 autern
1445 2185 1507 2225 nou

426 2274 476 2328 eat
504 2268 609 2347 dispar
636 2277 730 2347 atque
756 2268 909 2342 alienum,
943 2269 976 2330 ld
1005 2287 1066 2329 non
1092 2274 1142 2327 est
1164 2265 1323 2329 dissimile.
1366 2268 1507 2345 Quodsi

426 2373 469 2431 ita
491 2376 555 2444 est,
578 2377 811 2450 utraqueerunt
824 2390 883 2430 nou
897 2371 1071 2446 dissimilia,
1094 2389 1170 2449 ergo
1184 2369 1305 2452 similia.
1346 2371 1507 2449 Quatenus

427 2482 531 2535 autom
564 2472 617 2534 smi
650 2480 744 2552 atque
786 2475 898 2534 celcris
933 2474 1068 2554 obtingit
1103 2472 1344 2534 diversimodum
1380 2474 1507 2552 aliquid,

427 2578 647 2640 dissimilitudo
669 2576 765 2637 habet
785 2578 888 2638 locum
902 2576 965 2656 **).
1008 2580 1111 2657 Atque
1131 2576 1240 2636 eadem
1263 2577 1354 2639 eliam
1376 2576 1417 2637 de
1438 2576 1506 2656 ipso

426 2702 506 2757 uuo,
530 2701 586 2762 per
596 2699 631 2743 se
649 2681 749 2742 solum
766 2690 922 2760 spectato,
944 2681 1107 2743 iudicanda
1121 2686 1201 2759 suut.
1246 2681 1333 2758 Quae
1353 2698 1447 2758 quum
1463 2678 1508 2738 ito

425 2787 506 2861 siut,
528 2807 621 2847 unum
644 2791 677 2844 et
697 2787 797 2846 simile
811 2794 859 2846 eat
871 2792 904 2845 et
919 2784 1087 2858 dissimile,
1108 2790 1171 2845 tam
1186 2781 1392 2863 sibimetipsi,
1415 2801 1507 2860 quam

425 2891 481 2964 ila,
504 2908 582 2968 quac
604 2897 676 2950 sum
697 2896 821 2970 practer
842 2891 953 2968 ipsum.
978 2923 1016 2937 —-
1045 2890 1193 2967 Quoniam
1221 2905 1311 2961 reso,
1348 2893 1383 2946 ut
1412 2906 1507 2966 supra

426 3002 476 3054 est
497 2993 760 3064 demonstratum,
793 3012 887 3052 ruurm
910 2998 942 3052 et
965 2993 996 3052 iu
1018 3011 1053 3053 se
1075 2995 1142 3070 ipso
1165 2990 1249 3050 etin
1272 2991 1384 3050 ceteris
1407 2990 1505 3051 eonti-

424 3104 535 3170 nctur,
557 3095 626 3154 ticrl
647 3111 709 3153 uon
731 3102 852 3173 potest,
877 3093 948 3174 quin
972 3104 1036 3156 tum
1058 3100 1158 3154 semet
1186 3093 1286 3172 ipsum
1314 3099 1379 3154 tum
1402 3102 1506 3153 cetera

424 3200 591 3276 contingat.
643 3196 725 3256 idem
755 3206 856 3258 tamon
885 3217 941 3256 uec
971 3216 1005 3256 so
1032 3197 1132 3274 ipsum
1161 3215 1217 3256 nec
1245 3205 1348 3256 cetera
1375 3201 1506 3276 tangere

423 3297 584 3359 serissime
606 3299 800 3362 iudicabitur.
844 3300 886 3360 Sc
899 3301 998 3376 ipsum
1012 3318 1073 3358 uou
1087 3299 1246 3377 continget
1261 3299 1319 3356 hac
1336 3299 1375 3358 de
1387 3318 1505 3360 cerussa.

423 3401 583 3480 Quidquid
605 3403 684 3462 enim
707 3402 749 3461 ita
771 3409 980 3481 comparatum
1001 3408 1065 3476 est,
1089 3410 1123 3462 ut
1145 3402 1228 3462 aliud
1246 3401 1319 3480 quid
1336 3403 1503 3482 contingat,

423 3505 508 3565 liuta
530 3504 606 3568 iliud
628 3504 670 3566 sit
692 3524 819 3566 neccsse
839 3513 904 3578 est,
928 3506 1010 3591 quod
1029 3507 1227 3586 contingitur.
1271 3505 1362 3582 Quod
1378 3505 1504 3583 quidem

423 3608 554 3687 primum
579 3626 640 3668 uno
662 3608 733 3682 iilo,
768 3609 889 3687 dequo
913 3608 1029 3687 agitur,
1067 3609 1133 3667 licri
1163 3609 1248 3668 nullo
1272 3607 1365 3668 modo
1387 3614 1503 3687 potest,

425 3718 589 3790 propterea
612 3709 710 3788 quod,
734 3711 761 3769 si
783 3729 817 3771 aa
838 3711 938 3789 ipuun
962 3714 1169 3790 contingeret,
1199 3712 1281 3771 iuxta
1311 3711 1410 3790 ipsum
1433 3732 1502 3772 rer-

425 3820 554 3874 sarclur.
600 3814 766 3873 Praeterea
788 3832 861 3873 acro
883 3832 941 3873 nec
963 3822 1066 3873 cetera
1084 3815 1244 3894 contingit.
1287 3814 1364 3874 Nam
1377 3815 1416 3873 ad
1429 3835 1502 3874 cou-

423 3918 589 3978 tsclioncm
618 3916 697 3977 durae
725 3914 883 3975 minimum
910 3935 961 3975 ros
992 3918 1201 3995 requiruntur.
1246 3916 1395 3994 Quocirca
1418 3918 1501 3975 nulla

423 4023 484 4081 erit
505 4020 674 4093 contactio,
696 4020 750 4080 uid
772 4036 865 4078 usuum
887 4023 1004 4079 tantum
1028 4040 1084 4080 nec
1107 4023 1168 4081 duo
1180 4015 1383 4097 reperiantur.
1418 4017 1501 4076 Dixi-

423 4143 490 4205 urua
512 4143 584 4184 vero
607 4129 714 4195 antea,
743 4139 821 4200 quae
843 4122 902 4181 alia
924 4123 987 4183 sint
1008 4131 1101 4201 atquc
1122 4142 1235 4197 ιιιιιιιιι,
1269 4140 1306 4181 ea
1327 4140 1384 4181 rsec
1407 4139 1501 4182 ιιιιιιιιι

371 4266 373 4270 -
420 4230 510 4300 ossje,
545 4246 602 4286 ncc
629 4231 748 4303 partem
776 4225 843 4284 cius
871 4225 1001 4302 aliquam
1029 4226 1061 4285 iu
1089 4245 1124 4286 se
1154 4223 1435 4304 comprehendere,
1473 4226 1500 4284 si

313 4316 318 4321 ¹
370 4315 544 4420 'squidem
566 4346 674 4390 revera
695 4327 758 4387 sint
779 4329 846 4388 alia.
890 4329 936 4388 Ex
966 4347 1026 4405 quo
1054 4347 1147 4411 quum
1175 4326 1344 4399 efficiatur,
1379 4335 1414 4387 ut
1442 4328 1500 4387 alia

424 4478 619 4490 ψη.

486 4566 512 4626 ι)
531 4563 559 4611 ι’.
580 4561 644 4610 ιιι.
666 4561 696 4611 c.
718 4588 750 4597 -
770 4558 835 4611 rao.
856 4561 886 4610 s.

469 4650 512 4712 ι»)
530 4647 558 4696 r.
580 4645 644 4696 rau.
667 4646 776 4694 a.-n.
