3775 5442
414 644 478 706 oea
522 723 524 729 Ι
727 641 812 701 nne
834 642 952 718 primas
995 638 1096 701 sactu
1118 639 1203 699 xu-

417 817 487 878 fero
508 832 580 896 pars
600 811 800 891 gnalsslma'e
821 813 1012 892 quaestionis
1031 811 1158 875 silentio
1180 811 1292 874 tuimet
1310 814 1499 890 transmissa,

419 919 504 1002 quod
535 919 621 978 tanto
648 916 746 996 magis
774 917 985 998 importunum
1012 915 1140 989 istisset,
1182 935 1243 995 quo
1269 913 1382 980 fortius
1410 916 1499 981 Plato

419 1030 537 1086 eontra·
553 1018 713 1082 lliceticos·
740 1019 900 1083 decretum
927 1019 1005 1082 illud
1038 1036 1127 1080 suum
1162 1019 1337 1095 tutabatur,
1373 1038 1410 1081 ex
1437 1039 1499 1100 quo

418 1128 511 1190 enam
533 1115 573 1185 τὸ
594 1114 640 1203 μὴ
662 1113 703 1185 ὅν
724 1130 810 1186 carto
832 1123 965 1204 quolam
983 1140 1077 1184 semu
1090 1122 1195 1184 locum
1209 1122 1329 1185 babere
1342 1122 1500 1187 aibrmsso

417 1248 479 1292 non
502 1226 662 1290 dubitarit.
1492 1218 1498 1228 '

501 1331 604 1412 btque
633 1328 683 1390 lais
710 1328 754 1390 ln.
771 1330 944 1393 unisersum
972 1328 1137 1409 disputatis
1166 1329 1227 1390 ism
1249 1325 1371 1407 singula
1393 1325 1501 1388 licebit

417 1435 596 1516 exquirere,
617 1450 679 1513 quo
701 1432 800 1514 magis
821 1433 917 1495 totiua
939 1431 1129 1512 quaestionis
1150 1431 1286 1492 ratio-et
1300 1428 1501 1492 cohaerentis

416 1541 541 1623 penltua
568 1541 783 1617 cognoscatur.
830 1533 922 1613 Quod
950 1551 1074 1595 rursum
1102 1535 1146 1596 its
1165 1533 1271 1595 iacere
1291 1533 1499 1606 instituemus,

416 1650 454 1708 ut
479 1644 535 1721 iis,
564 1659 645 1723 quas
670 1638 862 1702 nostratibus
889 1635 1055 1699 inusitatae
1076 1641 1164 1711 sunt,
1186 1636 1334 1716 loquendi
1355 1637 1499 1699 iormuba

416 1745 589 1829 repulistis
611 1761 649 1805 ea
668 1760 818 1823 ponamus
845 1740 1013 1816 vocabula,
1042 1741 1156 1821 quibua
1176 1738 1272 1801 bodie
1292 1740 1325 1802 io
1347 1740 1501 1820 explican-

418 1852 467 1914 alis
487 1850 581 1913 buius
602 1845 689 1908 modi
704 1842 894 1926 argumentis
908 1840 955 1902 uti
968 1849 1212 1918 consueverunt,
1233 1843 1388 1923 simulque
1408 1844 1500 1905 tolla-

416 1972 486 2015 mus
508 1967 632 2012 omnem
652 1946 818 2009 vorbomm
839 1940 1088 2023 ambiguitatem,
1121 1964 1182 2025 qus
1202 1945 1334 2007 muimo
1354 1944 1502 2007 ellectum

415 2058 578 2136 putamus,
599 2058 636 2111 ut
656 2065 730 2110 vera
750 2047 813 2111 loci
832 2045 987 2108 sententis
1006 2065 1065 2127 per
1093 2055 1142 2111 tot
1164 2049 1287 2111 saecula
1308 2049 1347 2111 sb
1369 2048 1501 2111 bomini-

415 2158 476 2219 bus
497 2151 683 2216 acutissimis
705 2159 799 2233 atque
819 2149 1009 2212 «lautissimis
1031 2150 1110 2213 aleo
1132 2171 1195 2214 non
1211 2152 1442 2232 perciperetur,
1464 2159 1500 2212 ut

416 2258 546 2321 mirifica
566 2254 687 2319 somnis
705 2256 738 2316 in
759 2257 862 2318 locum
877 2252 943 2313 elna
960 2257 1174 2317 successerint
1218 2255 1405 2318 incredibile
1417 2256 1500 2316 enini

416 2362 503 2424 dictu
524 2365 590 2435 ost,
611 2365 805 2440 quantopere
826 2360 1014 2436 interpretes
1035 2358 1110 2422 iude
1130 2359 1330 2422 sPietouicis
1346 2359 1501 2421 recentio-

328 2455 330 2457 ’
415 2465 503 2527 ribus
531 2481 632 2544 unque
658 2462 699 2522 ed
728 2470 866 2525 nostram
888 2468 1021 2524 aetatem
1041 2482 1137 2544 quum
1158 2465 1191 2525 in
1212 2462 1326 2525 ceteris
1348 2461 1500 2524 aermonia

415 2567 572 2649 partibus,
600 2572 667 2626 tum
694 2565 727 2626 in
748 2565 937 2646 explicandis
958 2565 1014 2640 iis,
1042 2583 1121 2645 quae
1143 2566 1180 2627 ad
1214 2556 1252 2627 τὸ
1274 2558 1320 2646 μὴ
1342 2555 1381 2628 ὅν
1402 2564 1501 2642 perti-

416 2675 508 2745 nent,
530 2668 711 2730 bsllucinatl
732 2668 818 2731 sint.
844 2670 892 2732 lta
912 2669 1115 2745 lamblichus,
1147 2676 1230 2732 teate
1251 2667 1427 2743 liamsacio,
1449 2669 1502 2746 agi

415 2774 546 2855 putabet
566 2771 608 2833 lo
629 2771 847 2834 daemonibus:
883 2772 938 2835 aiii
959 2773 1001 2835 le
1020 2771 1173 2836 interiore
1195 2775 1362 2834 animam
1383 2788 1501 2852 genere

417 2876 570 2958 disputari
591 2872 754 2948 volebant3
791 2876 843 2938 alli
864 2877 906 2939 de
931 2878 1001 2940 aliis
1023 2879 1128 2940 rebus.
1177 2876 1270 2956 Quss'
1280 2875 1414 2954 ineptius
1435 2894 1501 2937 me-

415 2982 557 3044 m'oraa'ac
576 2978 653 3040 eatis
673 2984 737 3055 est,
759 2996 800 3040 ne
820 2999 872 3043 ear
893 2982 1057 3062 ignorasse
1077 2980 1247 3041 videamur.
1288 2977 1398 3057 Neque
1418 2979 1501 3040 enim

415 3100 574 3154 veremur,
597 3080 728 3158 nequis
750 3087 847 3143 totam
869 3083 949 3145 lasne
970 3084 1114 3145 crambeu
1136 3083 1197 3146 sibi
1216 3100 1326 3145 rursus
1340 3083 1499 3144 decoctam

416 3183 532 3265 apponi
559 3179 678 3259 cupiat,
712 3185 895 3261 praesertlm
919 3205 1013 3266 quum
1034 3186 1138 3248 Procli
1159 3193 1193 3248 et
1213 3186 1364 3248 Dsmascii
1384 3185 1501 3265 scripte

415 3285 512 3348 boalia
537 3301 601 3343 non
626 3283 759 3363 amplius
786 3294 847 3346 tam
875 3306 947 3350 raro
976 3306 1047 3351 aeae
1076 3288 1226 3366 offerant,
1254 3289 1364 3368 utqui
1384 3290 1500 3351 talibus

416 3387 555 3469 mipaallis
584 3385 790 3462 delectentur,
821 3406 884 3450 non
912 3395 1025 3469 queant
1052 3395 1156 3472 palato
1182 3413 1242 3456 suo
1268 3393 1360 3454 iatam
1390 3412 1501 3472 parare

417 3491 536 3554 scilieet
566 3491 816 3554 oblectationem.
870 3492 940 3575 Age
965 3495 1078 3576 igitur,
1115 3500 1175 3559 iarn
1205 3496 1331 3558 tandem
1360 3504 1500 3558 nostram

418 3593 662 3673 qualemcunque
683 3594 972 3677 interpretation·-
993 3617 1219 3678 proponsmns,
1244 3618 1336 3680 quem
1351 3601 1403 3680 qui
1418 3619 1501 3662 oom-

416 3695 607 3778 probabunt,
629 3695 653 3754 li
675 3704 761 3760 ceste
781 3699 941 3762 bominum
962 3702 1013 3761 uel
1033 3702 1324 3781 superstitiosorum
1346 3703 1395 3763 vel
1416 3704 1502 3762 voia-

416 3802 566 3874 tioorum,
588 3798 696 3878 quales
718 3800 940 3867 eflsmrnostrs
962 3803 1039 3865 vidit
1053 3811 1154 3880 aetas,
1177 3806 1308 3868 mirilico
1327 3811 1502 3866 commenta

416 3904 542 3966 minima
564 3901 795 3966 desiderabunt.
838 3905 947 3985 ltaque
967 3906 1044 3968 baec
1065 3906 1135 3968 iere
1157 3905 1377 3969 el’srmenide
1395 3907 1427 3967 in
1442 3908 1503 3970 buc

417 4005 570 4070 sermonis
590 4010 680 4086 parte
701 4007 845 4086 explicari
867 4008 1062 4070 arbitremur.

502 4108 537 4170 st
557 4107 658 4169 idaam
680 4110 823 4190 ponimus
844 4116 989 4189 tanquam
1010 4111 1086 4174 solis
1108 4112 1327 4192 negationibus
1352 4114 1504 4177 ‹letermi-

417 4218 519 4274 aatam
541 4217 757 4295 carentemquo
779 4213 862 4276 notio
882 4213 1038 4278 aientibus
1060 4216 1219 4291 omnibus,
1242 4209 1286 4278 τὰ
1298 4209 1404 4290 ἄλλα,
1426 4217 1459 4280 h.
1472 4234 1510 4282 e.·

417 4312 539 4378 massis
559 4331 744 4395 corporeae,
767 4328 836 4379 es'ae
857 4317 982 4397 quidem
997 4320 1118 4381 censeri
1129 4320 1261 4395 debent,
1284 4321 1430 4400 quoniam
1445 4340 1505 4382 nec

417 4418 496 4480 idaia
522 4414 585 4480 iliis
612 4422 719 4499 potest
739 4414 836 4481 οὐσία
858 4422 1021 4502 ιΙιιιεςιιίς
1054 4441 1156 4504 neque
1176 4429 1281 4485 umen
1303 4441 1340 4485 es
1362 4425 1401 4484 sb
1421 4422 1503 4484 ideis

417 4522 600 4598 uagantibus
622 4520 685 4582 liei
706 4528 836 4600 possunt
858 4523 1004 4599 differre,
1028 4526 1277 4606 qnandoquidem
1292 4544 1363 4587 cum
1379 4544 1429 4600 eo,
1452 4525 1503 4585 cui

418 4621 532 4685 alenus
552 4625 729 4704 praedicate
749 4624 923 4705 eripiuntur
945 4627 1064 4703 omniu,
1090 4630 1206 4694 unibus
1231 4630 1296 4705 sei,
1328 4646 1407 4709 quae
1426 4627 1502 4689 item
