3775 5442
691 650 779 715 nine
797 655 916 732 panna
959 652 1060 715 seeo
1080 653 1131 718 vr.
1285 690 1295 707 „
1391 648 1493 722 ¹rci'

380 824 521 902 fluxerit,
542 829 647 887 umen
669 825 748 889 aetla
769 831 879 907 apertu
900 826 1017 890 ludlclo
1039 833 1105 904 eat,
1132 827 1193 891 lam
1215 827 1373 894 reterlbna
1392 829 1464 894 arl-

376 927 502 991 atotelia
522 928 748 1010 interpretibus
770 929 812 992 ele
833 949 886 1008 ea,
908 948 988 1011 quae
1008 930 1098 994 nobla
1119 930 1287 1012 probatur,
1308 932 1464 1014 interpre-

376 1034 499 1095 tatione
517 1031 632 1111 aliquid
654 1033 840 1097 anbolulaae.
884 1033 976 1115 Quod
996 1051 1072 1097 vero
1094 1035 1138 1097 lta
1149 1034 1366 1116 Pythagorecr
1385 1036 1463 1099 illud

376 1137 462 1219 quoti
482 1136 580 1198 menti
599 1136 739 1200 veritate
760 1135 969 1218 cognitionem
989 1130 1266 1200 all'erretvldamua
1279 1135 1464 1218 oppoanlaaa

374 1241 424 1318 el,
457 1239 539 1322 qnod
560 1239 610 1301 vel
630 1239 746 1301 nullm
767 1239 818 1301 vel
838 1239 979 1322 exiguam
998 1241 1167 1321 praeberet
1186 1239 1365 1314 nolentiam
1392 1238 1463 1304 Pla-

374 1351 483 1406 tonem
504 1342 751 1405 animadvertere
772 1341 846 1404 llcet
865 1342 901 1405 ln
920 1361 974 1420 ea,
996 1362 1088 1424 quam
1101 1348 1285 1421 tractamur,
1306 1345 1463 1424 quaeatlc-

375 1449 425 1510 ala
451 1451 557 1528 parte,
591 1445 653 1508 atal
680 1444 806 1506 illorum
832 1446 987 1509 ratlcncm
1008 1447 1050 1510 ob
1073 1448 1181 1510 oculor
1201 1446 1328 1524 babuit,
1357 1452 1462 1509 nmen

366 1551 532 1632 ¹ingentem
559 1547 713 1628 quandam
742 1547 782 1608 ab
810 1547 924 1611 llaalem
943 1548 1059 1613 ferinae
1080 1549 1310 1614 dlaccaalonean.
1353 1550 1462 1632 Neque

374 1655 459 1717 enim
486 1653 539 1714 hic
566 1666 645 1729 qnae
672 1650 821 1730 coguoaci
844 1655 975 1730 poauent
1001 1656 1032 1713 et
1061 1669 1140 1732 qnae
1166 1651 1336 1733 cognitioni
1356 1658 1463 1715 ment

373 1766 486 1836 erepta
502 1770 585 1815 nnnc
603 1753 688 1814 inter
707 1770 743 1815 ae
763 1755 928 1833 oppornlt,
951 1753 1008 1817 aed
1028 1754 1134 1835 potina
1156 1754 1291 1817 accrevit
1314 1755 1461 1817 mundum

373 1859 518 1922 lalearnm
546 1862 640 1935 atque
665 1873 770 1917 rerum
798 1856 1069 1937 adapeetabillum‚
1101 1858 1148 1921 lta
1167 1863 1288 1934 manen,
1323 1863 1361 1920 nt
1380 1857 1463 1920 buno

373 1978 501 2044 guoque
521 1964 676 2038 mquam
696 1958 818 2020 llnitnm
838 1959 1020 2040 nentiquam
1045 1960 1131 2025 omni
1157 1961 1289 2024 acientia
1306 1967 1461 2024 exeuntum
1550 1948 1551 1955 '

374 2082 447 2128 erae
475 2062 579 2124 vellet.
632 2061 785 2141 Quocirca
810 2061 844 2139 ln
870 2062 974 2124 locum
996 2063 1078 2140 elur,
1106 2063 1190 2144 qnod
1211 2069 1354 2146 ereptum
1376 2069 1463 2127 aram

374 2166 560 2249 cognitioni,
581 2163 707 2226 aull'ecit
724 2158 767 2228 τὰ
780 2167 891 2250 ἔτερα,
911 2183 993 2245 qnae
1009 2184 1193 2247 quamquam
1205 2166 1245 2228 ab
1260 2167 1329 2249 lpaa
1341 2167 1461 2230 unitate

373 2271 481 2353 poanlt
499 2269 626 2331 ‹liveraa
646 2287 733 2345 caae,
753 2274 874 2343 manen,
903 2271 975 2349 qula
996 2269 1147 2352 operante
1175 2269 1266 2333 laleae
1286 2272 1317 2333 vl
1338 2275 1373 2333 et
1392 2271 1461 2351 lpaa

376 2374 463 2436 antu
482 2370 677 2448 usturam,
696 2371 875 2452 nentiquam
895 2373 995 2438 voluit
1014 2373 1208 2456 perceptioni
1230 2378 1263 2437 et
1279 2373 1392 2438 mentia
1412 2375 1460 2436 ln-

376 2476 459 2540 dlclo
486 2481 595 2555 erepta
620 2492 701 2537 eaae.
749 2475 812 2538 Sed
846 2475 923 2539 aatla
950 2475 1039 2540 baec.
1089 2473 1240 2540 Venimna
1264 2477 1391 2539 tandem
1419 2479 1460 2541 al

374 2581 525 2644 dedantur
553 2580 740 2660 categoriam
767 2578 800 2640 ln
820 2577 1089 2660 Pythagoreorum
1110 2577 1216 2642 tabula
1237 2580 1459 2662 couugnatam,

375 2698 457 2766 qnae
483 2680 570 2744 audit
597 2673 807 2764 τετράγωνον
839 2680 896 2743 καὶ
928 2675 1129 2764 ἑτερόμηκες.
1185 2681 1229 2742 Et
1261 2676 1459 2766 τετραγώνῳ

375 2785 503 2868 quiin
528 2783 590 2846 lato
618 2799 682 2845 non
713 2787 765 2846 eat
790 2782 1011 2845 rarldlaalnllle
1045 2782 1215 2865 algnisscarl
1245 2781 1340 2857 illul,
1376 2783 1460 2863 qnod

376 2885 516 2968 nullique
535 2886 628 2949 certia
650 2883 802 2947 llmltlbna
824 2904 861 2947 ac
881 2884 1023 2947 terminia
1044 2884 1088 2947 alt
1109 2883 1392 2962 circumscriptum
1420 2875 1459 2947 τὸ

379 2983 568 3071 ἑτερόμηκες
597 2994 720 3064 antem,
753 2989 895 3068 quonlam
925 2988 1054 3050 denotet
1080 2987 1129 3064 iel,
1158 2986 1243 3067 qnod
1265 2985 1404 3046 alertram
1425 2993 1460 3047 et

375 3091 533 3156 alnlatranr
555 3097 675 3172 partem
696 3109 805 3154 verena
825 3092 858 3154 in
876 3090 1029 3154 inlinitum
1040 3091 1228 3172 purrlgltur‚
1250 3088 1327 3151 nihil
1338 3088 1462 3150 videtin

375 3194 461 3257 aliud
488 3193 638 3275 intelligi,
670 3195 732 3257 nial
761 3196 845 3276 qnoll
866 3201 953 3258 certa
974 3215 1010 3257 ac
1031 3192 1159 3257 definite
1180 3211 1325 3256 meneura
1346 3198 1459 3255 careat.

375 3299 463 3379 Quae
491 3298 519 3358 al
546 3297 752 3377 probabiliter
777 3298 953 3378 poanlmna,
982 3295 1144 3360 Platonem
1171 3303 1300 3379 apparet
1322 3296 1459 3359 nltimam

374 3400 456 3464 banc
483 3399 749 3483 Pythagoreorum
778 3401 966 3484 categoriam
986 3399 1019 3461 ln
1050 3419 1122 3463 rnna
1144 3399 1323 3463 dlaaolvlare
1343 3405 1459 3482 partes,
1529 3420 1536 3432 ⁴·

375 3503 627 3586 qnandoquidem
649 3506 714 3566 enti
735 3523 793 3567 auo
815 3505 1059 3578 contactionem,
1081 3502 1315 3583 aequalitatem,
1336 3521 1460 3568 menan-

374 3626 431 3670 aae
452 3615 487 3670 et
508 3606 629 3669 numeri
649 3607 855 3689 parilitatem,
878 3608 944 3668 aevi
957 3611 1139 3686 perpetuam
1151 3607 1303 3687 quandam
1317 3615 1460 3671 conatuu-

374 3711 452 3773 tlaar
472 3711 586 3773 trlbnlt
607 3710 793 3789 cordaque
813 3709 1031 3773 attribntlonea
1047 3709 1079 3770 el
1089 3708 1222 3772 violarim
1236 3711 1359 3791 eripuit.
1392 3713 1460 3789 Qua

375 3815 410 3876 la
430 3833 467 3877 re
487 3813 624 3876 inmane
644 3813 720 3875 ltem
737 3821 863 3876 recutna
880 3818 930 3875 eat
944 3810 1175 3893 Pythagoreos,
1198 3830 1277 3891 quoa
1297 3813 1461 3893 probabile

376 3923 428 3980 ut
455 3918 497 3979 de
521 3917 614 3980 rarila
641 3936 805 3979 mensurae
831 3921 866 3977 et
893 3914 1014 3978 formae
1040 3915 1209 3996 gmnerlbua
1229 3914 1375 3978 anbtllloa
1397 3914 1461 3977 ‹lla-

376 4021 525 4083 aernlaae.
566 4017 686 4084 Verum
706 4021 767 4084 boc
787 4026 944 4099 utcunque
965 4039 1002 4084 ae
1022 4017 1133 4095 babet,
1155 4017 1233 4079 illud
1253 4018 1376 4097 quidem
1393 4035 1462 4078 cer·

376 4129 445 4186 tnnr
472 4141 543 4186 erae
569 4123 773 4200 arbitramur,
808 4138 887 4205 quae
913 4130 1074 4204 pcatremo
1100 4124 1171 4185 loco
1199 4119 1368 4184 aPlatone
1389 4126 1462 4181 aunt

377 4227 546 4308 explicata,
574 4246 612 4289 ea
637 4224 698 4288 boc
726 4226 836 4289 ordine
861 4227 1012 4290 collocata
1033 4243 1104 4289 enac
1125 4226 1216 4301 lieo,
1244 4223 1315 4305 qula
1335 4222 1368 4284 ln
1389 4239 1462 4284 aon-

377 4331 546 4394 atltnentlia
574 4329 703 4393 anmmla
729 4331 892 4394 notionum
919 4329 1088 4412 generlbna
1114 4329 1381 4411 Pythagoreorum
1410 4345 1462 4388 ex-

377 4435 516 4516 amplum
536 4441 662 4497 murtea
684 4441 743 4497 eet
786 4434 879 4514 Quod
901 4439 1002 4496 autem
1024 4438 1116 4494 antea
1129 4431 1252 4511 raeplua
1267 4420 1462 4494 commonen-

378 4536 455 4600 dum
483 4536 560 4614 fnit,
595 4539 817 4620 pbllcacpbnm
845 4537 980 4600 decretis
1006 4536 1273 4617 Pythagoreorum
1301 4533 1345 4595 ltr
1371 4553 1462 4595 naum
1573 4564 1579 4587 ·

380 4658 469 4718 erae,
490 4647 527 4704 nt
547 4640 651 4705 omnia
670 4643 799 4723 proprio
821 4642 956 4724 quoiam
976 4645 1070 4722 atque
1089 4658 1148 4705 auo
1168 4638 1262 4703 anulo
1285 4637 1587 4814 ιιιοιιιίιιοΓ
