3775 5442
670 605 756 665 Liltar
776 611 896 685 primus.
939 612 1041 677 sertio
1063 616 1098 693 ΙΙ.
1388 624 1432 685 56

332 777 398 837 itoc
420 777 493 837 ioco
517 797 536 835 a
557 775 741 840 Parmenide
763 790 871 844 contra
892 784 991 865 ipsius
1019 787 1193 849 doctrinam
1222 788 1428 853 disseruntur.

333 881 404 941 lloc
426 888 532 941 atatem
561 880 674 943 sinon
696 889 814 947 temere
835 889 1017 965 statuimus,
1047 891 1190 969 quaestio
1214 890 1315 951 oritur
1336 912 1426 961 saner

332 1004 427 1063 quam
457 982 617 1061 difficilis,
651 1009 671 1047 a
704 991 885 1068 qraibusnam
917 992 1115 1072 potissimum
1142 994 1341 1077 philosophis
1368 1017 1424 1060 eae

332 1088 570 1149 coutroversiae
591 1100 695 1151 motae
717 1094 779 1154 siut
801 1100 893 1174 atque
915 1095 1073 1160 excitatae.
1117 1098 1166 1161 nd
1183 1116 1274 1176 quam
1296 1099 1423 1178 quidam

332 1189 551 1269 quaestionem
577 1193 622 1255 ita
649 1198 842 1277 respondere
876 1199 1074 1273 conabimur,
1110 1203 1146 1259 ut
1178 1219 1288 1264 rursus
1320 1203 1422 1284 ipsum

334 1295 500 1355 Platonem
524 1316 690 1377 aequamur
722 1300 842 1363 ducem.
896 1301 1023 1363 Etenim
1050 1302 1177 1363 minime
1203 1307 1423 1387 negligendum

331 1398 524 1461 arbitramur
544 1399 639 1475 iliud,
669 1404 754 1481 quod
774 1404 932 1468 Eleaticua
954 1406 1101 1486 magister
1127 1407 1172 1467 ita
1193 1407 1354 1489 disputans
1374 1411 1422 1471 in·
1548 1400 1553 1415 ’

331 1503 477 1577 ducitur,
500 1509 649 1583 utquam
671 1512 740 1566 arte
761 1507 936 1571 disserendi
956 1529 1013 1571 aua
1034 1510 1167 1590 primum
1181 1510 1268 1573 ideas
1287 1513 1421 1575 sustule-

332 1607 390 1679 rit,
428 1614 533 1667 tamen
559 1606 684 1669 easdem
714 1616 821 1672 extare
848 1613 934 1673 ultro
962 1612 1126 1686 concedat,
1165 1620 1259 1693 atquo
1280 1616 1359 1679 adeo
1381 1616 1420 1677 iis

331 1710 464 1771 sublatis
496 1708 853 1792 scientiamrerumque
883 1716 1092 1794 cognitionem
1122 1733 1244 1777 onnam
1265 1718 1420 1780 stillatum

332 1813 371 1873 iri
398 1812 547 1875 fateatur.
600 1816 677 1893 Quia
705 1823 754 1877 est
783 1818 864 1878 enim
892 1816 1043 1879 historiae
1074 1817 1294 1898 philosophiae
1315 1819 1419 1898 paullo

332 1918 482 1995 peritior,
505 1916 579 1995 quin
599 1919 632 1979 iu
653 1918 703 1979 ltis
724 1920 829 1981 atatim
850 1920 1082 2000 Megaricorum
1104 1921 1219 2000 placita
1240 1927 1272 1981 et
1294 1920 1421 1981 decreta

333 2020 502 2100 agnoscat?
556 2019 785 2101 Megaricorum
816 2031 920 2087 autem
955 2028 1062 2103 partes
1092 2023 1310 2085 Parmenidem
1343 2022 1419 2085 satis

331 2124 495 2185 commode
516 2143 628 2203 agere,
651 2124 719 2203 quis
741 2132 791 2185 est
812 2128 885 2206 quin
906 2132 1057 2204 protenus
1081 2126 1255 2208 largiatur?
1298 2126 1363 2189 Sed
1385 2130 1419 2187 ut

329 2229 444 2289 elarius
465 2234 632 2307 appareat,
655 2228 731 2307 quid
751 2230 799 2291 rei
820 2231 877 2304 ait,
910 2248 1042 2307 quanam
1062 2228 1213 2310 Megarici
1235 2250 1304 2292 unm
1326 2229 1417 2291 Elea-

328 2332 408 2393 ticis·
429 2331 660 2393 uecaaitttdine
685 2331 803 2393 fuerint
831 2332 1004 2409 coniuncti,
1036 2339 1070 2393 et
1097 2333 1172 2412 quid
1194 2352 1265 2395 cum
1286 2333 1417 2395 Platone

329 2435 448 2515 negotii
478 2435 664 2508 habuerint,
697 2438 802 2515 paritis
835 2436 1039 2498 declaratione
1073 2436 1200 2498 iuvabit.
1255 2437 1303 2499 lta
1333 2436 1416 2497 enim

327 2539 423 2600 etiam
452 2538 514 2599 hoc
540 2538 764 2618 perspicietur,
803 2560 860 2602 cur
880 2540 926 2601 lili
948 2540 1034 2603 ideae
1055 2538 1194 2603 Plutonia
1216 2541 1328 2602 tollere
1349 2545 1416 2601 stu·

328 2643 472 2716 drredut,
494 2649 527 2703 et
548 2662 605 2704 cur
627 2643 825 2704 Parmenides
847 2642 973 2704 easdem
999 2642 1148 2705 scientiae
1176 2649 1208 2703 et
1230 2642 1413 2723 cognitionis

327 2748 430 2829 gratia
452 2764 512 2807 uon
533 2747 689 2808 tollendas
710 2766 781 2808 esse
801 2752 927 2808 statuat.

417 2844 524 2927 lta'qne
544 2850 709 2929 Megarici,
731 2867 863 2929 qnorum
891 2848 1061 2928 principem
1087 2849 1188 2909 inisse
1209 2854 1329 2935 constat
1350 2847 1413 2905 liu-

332 2950 467 3021 elidem,
489 2950 666 3030 discipulum
689 2951 827 3013 Socratis
849 2970 884 3010 ac
905 2950 1106 3022 familiarem,
1134 2951 1343 3010 Eleaticorum
1365 2967 1413 3005 ra-

332 3052 451 3112 tionem
465 3072 530 3113 curn
543 3055 705 3134 disciplina
715 3054 873 3116 Socratica
892 3054 1081 3132 coniungere
1096 3055 1291 3114 studuerunt
1324 3049 1414 3126 Quod

328 3176 392 3236 qna
415 3157 533 3218 ratione
559 3159 709 3230 iecerint,
737 3157 906 3236 optandum
928 3163 994 3231 est,
1024 3164 1058 3218 ut
1087 3157 1203 3219 certius
1231 3153 1414 3235 pleniusque

329 3279 485 3339 exponere
507 3261 633 3334 liceret,
657 3281 746 3339 qttnm
768 3261 800 3320 iu
823 3268 907 3323 tanta
928 3261 1177 3323 testimoniorum
1199 3257 1327 3339 penuria
1345 3255 1412 3316 lieri

330 3371 443 3443 potest.
488 3366 677 3444 Quamquam
701 3366 783 3424 enim
806 3384 904 3445 nuper
927 3366 1079 3445 lleyltsins
1101 3364 1260 3445 praeclaro
1276 3380 1350 3422 sane
1366 3359 1412 3419 in-

328 3468 439 3527 stituto
474 3488 581 3529 eorum
616 3469 789 3547 fragmenta
825 3469 934 3528 sedulo
970 3467 1153 3545 cotrqnisirit
1181 3473 1273 3545 atque
1300 3463 1412 3543 placita

327 3572 512 3643 illustrarit,
541 3579 644 3632 tanwn
667 3592 703 3631 ex
726 3573 794 3633 istis
815 3572 975 3645 omnibus,
998 3589 1076 3648 qttae
1089 3571 1220 3630 collecta
1233 3572 1314 3638 stunt,
1338 3564 1411 3643 quid

327 3675 374 3736 illi
397 3673 439 3735 (le
460 3695 564 3735 rerum
587 3675 744 3754 principiis
765 3675 935 3747 senserint,
958 3676 1006 3734 vin
1028 3675 1146 3733 incerta
1167 3672 1343 3732 coniectura
1365 3688 1409 3728 as-

328 3781 478 3858 sequaris.
531 3780 576 3839 lle
604 3779 735 3841 lddclide
763 3780 849 3839 locus
878 3784 928 3839 est
957 3777 1167 3838 memorabilis
1199 3776 1287 3853 liiog.
1308 3771 1410 3833 Laiirt.

328 3882 363 3942 ΙΙ.
386 3879 461 3941 1⁰6.
509 3872 615 3956 dirue
638 3884 694 3945 καὶ
716 3873 759 3943 τὰ
783 3881 1011 3962 Παρμενίδεια
1033 3875 1265 3962 μετεχειρίζετο
1280 3909 1337 3930 -.
1360 3863 1410 3935 οὗ·

329 4007 386 4057 τος
410 3983 451 4044 ἓν
474 3976 519 4044 τὸ
542 3976 720 4065 ἀγαθὸν
743 3981 947 4069 ἀπεφαίνετο
970 3983 1108 4054 πολλοῖς
1131 3973 1274 4059 ὀνόμασι
1295 3970 1410 4041 uoluti·

326 4103 446 4167 μειίἰν·
477 4083 531 4149 ὁτὲ
553 4087 613 4167 μὲν
636 4079 701 4171 γὰρ
725 4080 952 4172 φρόνησιν,
974 4081 1029 4147 ὁτὲ
1044 4084 1078 4147 ii
1097 4076 1199 4155 dedu,
1221 4082 1275 4185 atei
1293 4072 1412 4140 ἄλλοτε

329 4192 445 4261 νοῦν,
469 4191 523 4251 καὶ
549 4183 590 4251 τά
616 4183 732 4253 λοιπά·
764 4182 806 4250 τὰ
829 4188 863 4250 di
885 4186 1096 4270 ἀντικείμενα
1119 4189 1166 4268 τῷ
1185 4182 1315 4267 ἀγαθῷ
1337 4172 1410 4264 tii'li·

327 4314 393 4369 qut,
428 4284 474 4373 pu}
509 4289 590 4357 εἶναι
622 4287 769 4377 «priamum.
820 4293 927 4371 ltaque
954 4291 1021 4365 ltic,
1048 4290 1171 4351 Laertio
1201 4291 1301 4357 teste,
1330 4281 1412 4358 quod

325 4394 529 4456 Parmenides
558 4398 649 4458 lintis
679 4396 802 4455 tramine
829 4397 1054 4474 appellaverat,
1077 4393 1268 4457 Socraticam
1289 4388 1413 4447 secutus

326 4500 498 4574 rationem,
521 4502 567 4558 tel
592 4500 723 4573 botrum,
746 4500 793 4559 t'cl
817 4502 989 4573 rationem,
1012 4497 1063 4557 vel
1081 4493 1269 4574 sapientium
1288 4489 1413 4549 vocarit

324 4603 498 4665 Enimuero
527 4606 671 4667 Socrates
700 4624 852 4665 summurn
882 4604 995 4663 leonum
1024 4603 1056 4662 in
1079 4616 1139 4658 nna
1167 4594 1272 4674 posuit
1293 4593 1417 4655 virtute

1455 4716 1555 4810 Ι·
