3775 5442
666 661 751 722 Liuor
772 663 923 720 secundus.
966 658 1066 719 sectio
1083 659 1119 720 11.
1370 662 1435 726 2117

355 838 475 893 temen
496 833 610 912 degunt
631 833 768 906 Eristlcl,
792 832 905 913 quippe
934 851 994 894 non
1016 831 1241 913 perspicientes
1262 832 1309 896 ilii
1328 854 1435 899 rerum

355 953 426 995 cum
454 934 533 998 ideis
561 954 672 997 nexum
698 942 730 996 et
755 935 995 1010 cohaerentium,
1025 954 1132 997 uerum
1162 936 1254 997 etium
1284 936 1325 997 de
1345 937 1435 1015 ideis,

355 1037 423 1098 sine
449 1037 578 1117 qulbus,
617 1038 766 1118 quidquid
805 1037 843 1096 ob
876 1037 1060 1100 adversariis
1089 1044 1198 1099 contro
1224 1056 1277 1100 oss
1311 1039 1435 1118 dicitur,

354 1139 484 1202 scientis
504 1159 609 1202 rerum
630 1147 723 1222 elque
744 1140 881 1219 cognitio
904 1141 988 1201 nulle
1010 1157 1081 1202 esse
1105 1147 1221 1220 potest,
1244 1141 1327 1204 idem
1347 1146 1437 1224 prois-

354 1262 407 1305 sns
443 1243 573 1305 inituri
608 1249 742 1326 oportet
806 1243 875 1304 lloc
909 1243 1033 1305 demum
1062 1243 1224 1304 intellecto
1255 1247 1437 1327 perspicere

354 1346 448 1406 etiem
469 1346 576 1408 licebit
597 1354 690 1427 utque
709 1347 856 1417 indicere,
879 1363 973 1424 quum
993 1364 1115 1407 omnem
1131 1345 1434 1413 omniuoessestism

352 1448 387 1508 in
413 1449 475 1511 illis
502 1451 571 1510 uuis
597 1450 716 1522 inesse,
747 1457 812 1509 tum
838 1449 998 1510 scientium
1026 1454 1059 1509 et
1086 1448 1294 1527 cognitionem
1321 1451 1435 1515 montis

353 1548 507 1612 humunue
528 1557 621 1630 etque
643 1550 722 1611 odeo
744 1552 975 1632 perceptionem
998 1569 1116 1624 eorum,
1139 1569 1218 1628 quse
1243 1554 1343 1616 oculis
1369 1574 1437 1617 cer·

353 1652 468 1729 nimus,
491 1659 585 1732 etque
607 1653 816 1733 opinationem
837 1659 969 1734 proptor
988 1653 1057 1714 illus
1079 1652 1163 1732 ipses
1185 1653 1287 1715 locum
1309 1655 1436 1722 musco

351 1754 497 1817 Pendent
518 1755 599 1818 euim
628 1754 730 1817 omnis
749 1773 788 1817 ex
809 1757 887 1818 ideis
908 1757 1008 1830 unice,
1030 1755 1099 1815 elne
1126 1753 1239 1833 quibus
1260 1758 1331 1819 fieri
1351 1759 1437 1821 nullo

351 1859 451 1933 modo
480 1862 601 1939 potest,
631 1865 667 1919 ul
689 1858 860 1938 ‚quidquem
882 1858 1042 1920 delinitum
1063 1842 1179 1919 litum
1198 1877 1235 1920 ec
1255 1879 1363 1922 revers
1385 1861 1436 1936 sil,

351 1959 405 2021 vei
427 1965 531 2019 mente
552 1967 584 2021 et
605 1961 707 2023 enimn
728 1961 920 2040 intelligutur
941 1966 995 2022 sut
1016 1979 1162 2027 sensuum
1186 1981 1247 2042 ope
1267 1983 1438 2045 cognosce·

352 2068 415 2123 tur.
454 2062 513 2123 Est
535 2069 636 2125 sutem
659 2063 797 2130 ideonum
819 2072 913 2144 utque
933 2083 1039 2125 rerum
1059 2069 1171 2125 nature
1193 2071 1226 2126 et
1247 2066 1327 2126 ustio
1349 2066 1435 2130 haec

352 2165 436 2228 ideis
457 2164 600 2243 primitus
622 2167 760 2229 subiecto
782 2172 831 2227 est
852 2173 995 2247 unquam
1016 2164 1211 2229 lundomenti
1225 2168 1294 2229 loco
1316 2168 1437 2232 influus
1477 2176 1480 2183 '
1558 2242 1560 2246 Α

353 2269 504 2341 essentis,
538 2288 617 2347 quise
651 2275 701 2332 est
735 2269 822 2348 qussi
849 2269 991 2331 absoluto
1018 2269 1169 2348 quiecdsm
1198 2272 1313 2349 positio
1342 2290 1436 2352 supro

354 2373 466 2433 mentis
503 2372 653 2434 humonse
685 2379 806 2453 ceptum
843 2376 875 2432 et
914 2370 1151 2451 intelligentium
1193 2373 1282 2435 elatu
1349 2375 1436 2453 Quae
1513 2402 1516 2407 ¹

354 2474 502 2555 quamdiu
527 2477 713 2556 primitivum
740 2494 827 2537 ιιιιιιι
858 2474 1123 2551 tueturindolem
1145 2494 1182 2535 ec
1202 2482 1353 2552 nulumm,
1376 2479 1436 2540 sic·

354 2577 402 2639 uli
432 2578 501 2657 ipss
522 2597 583 2640 non
605 2584 655 2640 est
676 2578 818 2651 definite,
847 2575 892 2636 lte
912 2594 970 2637 nec
992 2595 1060 2637 enm
1082 2577 1142 2639 um
1164 2576 1274 2653 hebet,
1303 2585 1341 2640 ut
1366 2580 1435 2654 elio,

354 2698 435 2759 quoe
455 2680 518 2743 sint
539 2683 576 2742 sb
600 2681 667 2760 ipss
689 2681 827 2742 seiuncta
849 2696 885 2737 ec
906 2676 1037 2753 diverse,
1060 2679 1275 2758 aliquomodo
1298 2680 1436 2755 deliniet,

354 2786 436 2842 eles
448 2783 561 2843 uirtute
583 2785 726 2856 instruet,
740 2790 774 2842 ut
796 2780 917 2860 possint
938 2780 1084 2856 discerni,
1107 2782 1272 2860 percipiet
1292 2783 1436 2863 intelligi.

356 2881 474 2946 Verum
499 2887 650 2948 inlinitum
678 2885 758 2946 hunc
785 2883 950 2946 essentium
981 2900 1109 2944 necesse
1138 2888 1187 2942 est
1213 2885 1346 2945 existere
1367 2886 1436 2944 ilui-

358 2994 437 3064 tsm,
462 2987 522 3050 hoc
551 2998 600 3051 est
621 2989 732 3062 talem,
763 3006 842 3066 quse
863 2985 977 3047 hausu
998 2985 1155 3047 delinitum
1177 2985 1327 3046 rollonem
1350 3006 1437 3048 soce-

354 3095 451 3157 dente
471 3096 502 3156 ui
524 3094 781 3175 praedicatorum.
814 3091 905 3169 Quod
928 3089 982 3152 ubi
1006 3089 1050 3149 itu
1070 3088 1116 3161 lit,
1139 3089 1296 3167 prodeunt
1317 3091 1437 3170 species

352 3198 426 3261 lllee
449 3203 541 3278 sique
564 3197 694 3272 iormue,
706 3195 946 3275 ‘quoeldeerum
959 3193 1083 3255 nomine
1102 3191 1321 3273 insigniuntur,
1344 3214 1436 3274 quse-

354 3321 416 3382 que
441 3300 619 3363 notionibus
645 3297 743 3360 menti
768 3298 919 3360 humanos
945 3295 1096 3377 inpressis
1118 3295 1211 3374 plone
1233 3301 1434 3379 respondent.

352 3406 396 3468 lit
421 3404 482 3467 hee
504 3403 628 3484 quidem
654 3402 704 3465 vel
730 3408 911 3482 propterca,
934 3398 1018 3479 quod
1045 3405 1078 3458 et
1098 3417 1156 3476 per
1176 3416 1212 3457 se
1234 3418 1289 3460 sus
1311 3403 1339 3463 vl
1362 3423 1435 3466 con-

354 3510 470 3572 sistunt
491 3519 524 3571 et
551 3506 751 3587 multiplicem
781 3507 863 3565 inter
883 3523 919 3565 se
940 3502 1075 3562 subeunt
1095 3501 1249 3560 retiouem
1272 3521 1308 3562 sc
1328 3523 1435 3568 nsces-

354 3613 533 3686 tiludinem,
555 3611 653 3673 varios
672 3608 778 3670 ierunt
805 3627 841 3667 ec
867 3602 1053 3682 multiplices
1074 3602 1303 3679 attributiouss,
1326 3610 1436 3686 quibus
1483 3586 1491 3601 ’

353 3717 407 3790 lit,
435 3723 473 3777 ut
499 3714 671 3794 designari,
706 3711 857 3773 nominari
891 3715 923 3770 et
950 3704 1083 3783 intelllgi
1113 3706 1243 3785 possint.
1277 3749 1279 3752 ι
1307 3708 1436 3772 Accedit

354 3838 440 3895 vero,
465 3819 548 3898 qnod
571 3818 662 3879 sicuti
683 3816 795 3878 mentis
817 3813 964 3895 cogitatio
980 3827 1104 3888 semper
1125 3811 1164 3870 od
1186 3809 1303 3888 aliquid
1324 3813 1435 3888 tendit,

355 3922 400 3983 its
426 3925 522 3984 elium
554 3922 643 3983 illese
669 3938 794 3999 semper
825 3919 864 3980 ud
892 3917 975 3980 eliud
1012 3913 1087 3992 quid
1121 3912 1316 3988 reseruntur,
1352 3915 1437 3995 quod

356 4032 445 4087 extre
466 4026 550 4107 ipses
571 4024 706 4103 positum
727 4022 778 4085 sit.
812 4021 857 4082 ux
880 4039 940 4098 quo
965 4018 1173 4111 consequitur,
1196 4023 1232 4077 ut
1253 4014 1345 4077 etium
1366 4037 1436 4082 curu

356 4130 451 4192 relus
474 4128 638 4190 indiuiduis
660 4133 693 4188 et
713 4125 854 4187 sensibus
873 4121 1020 4184 subiectis
1042 4119 1245 4200 multiplicem
1266 4124 1301 4182 ω
1320 4122 1436 4185 sumum
1506 4149 1508 4153 ·

355 4234 493 4295 luebunt
526 4230 771 4295 coniunctionem
806 4247 841 4289 sc
874 4224 1150 4310 necessitudinem,
1194 4221 1328 4302 ludoque
1361 4224 1437 4287 item

354 4322 574 4399 ¹srnciscunlus
592 4334 738 4414 plurimus
759 4330 988 4402 attributioues,
1009 4327 1088 4389 odeo
1110 4331 1146 4387 ut
1165 4326 1215 4390 sel
1227 4323 1347 4407 percipi
1359 4342 1436 4419 pos-

356 4438 524 4500 dummodo
546 4444 640 4516 etque
659 4435 758 4499 oculis
781 4433 866 4496 cerni
887 4431 1018 4512 possint,
1042 4435 1152 4509 utpote
1172 4429 1266 4491 rebus
1276 4430 1436 4511 corporeis

356 4540 456 4603 veluti
476 4558 640 4618 expresses
659 4545 692 4600 el
713 4540 972 4618 repraesentatae.
1027 4534 1151 4594 Etenim
1173 4548 1337 4610 corporum
1360 4552 1436 4613 quo-

357 4662 421 4723 que
448 4642 557 4705 similis
592 4642 671 4704 rslio
705 4637 798 4720 lique
824 4640 963 4700 idearum
994 4643 1059 4711 est,
1089 4654 1270 4716 quemquem
1306 4642 1435 4718 uimque

422 4960 427 4973 ·
435 4952 453 4987 ἰν.

403 4988 456 5039 ,ιι-ιι
