3775 5442
325 673 327 677 ,
460 624 524 701 152
784 620 873 682 Liber
892 620 1014 700 primus,
1033 666 1037 673 .
1055 615 1157 679 Sestio
1178 618 1216 685 V.

524 794 610 869 luter
630 808 725 855 uuum
745 797 839 871 etque
859 781 904 852 roi
925 781 1015 853 uitta
1036 786 1213 853 similitudo
1226 787 1392 851 interoedit
1404 788 1549 870 primum,

591 895 664 977 quis
673 899 781 957 mutuo
799 895 884 957 iuter
904 912 941 958 ss
960 891 1127 969 differunt,
1148 898 1182 955 et
1195 892 1319 974 quidem
1331 892 1399 973 puri
1412 894 1551 964 rationes

590 998 704 1065 deiude
735 999 807 1078 quis
824 997 977 1077 utrisque
1002 989 1170 1074 ταυτότης
1191 995 1358 1057 tribuendo
1379 1001 1442 1056 ests
1471 1013 1552 1073 quse

591 1120 738 1190 quorsum
760 1100 938 1181 pertiuesnt
960 1118 979 1161 e
1000 1097 1165 1179 superiore
1179 1096 1409 1162 sie-‹lifferentie
1419 1103 1453 1162 et
1463 1097 1552 1161 ileu,

589 1204 680 1265 titste
701 1204 819 1266 olerum
842 1209 892 1267 esi
913 1202 1136 1284 disputatione.

529 1309 739 1383 luteruuum·
762 1313 857 1388 etque
885 1298 930 1371 roi
959 1297 1048 1369 sitta
1073 1306 1178 1369 locum
1199 1303 1295 1365 hslrot
1315 1300 1553 1380 dissimilitudo,

589 1410 641 1474 sel
661 1410 741 1491 ¹quis
768 1416 901 1492 utruque
927 1409 1090 1492 proprium
1117 1407 1179 1476 sitsi
1204 1405 1321 1471 mmm
1348 1399 1388 1471 τὸ
1416 1399 1553 1482 ταύτόν,

489 1568 493 1589 ,
592 1513 643 1584 sol
663 1513 736 1595 quis
756 1521 830 1577 suut
849 1515 933 1581 iuter
954 1531 990 1577 se
1011 1511 1168 1582 diverse.

439 1674 443 1683 ·
550 1651 654 1732 Atque
673 1651 731 1714 iris
753 1657 911 1732 uteunque
938 1649 1103 1713 illustretis
1130 1648 1216 1711 hund
1232 1665 1318 1711 sene
1343 1647 1404 1708 erit
1425 1645 1556 1709 diiiioile

466 1773 505 1817 ss
526 1770 650 1835 quoque
672 1755 845 1835 explicere,
876 1773 958 1834 quse
989 1752 1177 1814 deunitatis
1199 1770 1258 1831 per
1279 1770 1315 1814 se
1335 1754 1494 1832 speststse
1512 1750 1558 1812 si-

465 1858 643 1922 militudine
664 1878 700 1919 se
723 1856 976 1920 dissimilitudine
997 1873 1163 1934 ssueqnsm
1184 1855 1325 1916 breviter
1345 1853 1559 1935 significentur

466 1962 524 2024 his'
544 1962 664 2025 verbis's
684 1957 820 2024 sisoim
847 1951 909 2038 (τὸ
934 1956 992 2032 ἓν)
1020 1958 1077 2021 καὶ
1100 1958 1208 2038 ἑαυτῷ
1230 1950 1402 2032 ώςαύτως,
1425 1959 1557 2043 ἐπείπερ

466 2057 578 2148 ἕτερόν
597 2084 636 2128 τε
657 2064 777 2126 ἑαυτοῦ
797 2062 853 2126 καὶ
875 2050 1002 2123 ταύτὸν
1023 2059 1131 2139 ἑαυτῷ
1152 2051 1275 2143 ἐφάνη,
1297 2051 1558 2148 κατ’ᾰμφότερα

467 2167 526 2231 καὶ
553 2162 641 2229 κατὰ
665 2159 823 2248 ἑκότερον
843 2157 964 2246 ὅμοιόν
984 2181 1021 2227 τε
1043 2160 1101 2224 καὶ
1123 2155 1286 2243 ἀνόμοιον
1308 2156 1495 2250 φανήσεται
1508 2163 1559 2240 *);

468 2273 555 2349 Quos
569 2271 603 2331 si
623 2269 666 2329 'sd
687 2268 862 2347 exemplum
883 2264 1057 2346 superioris
1089 2265 1367 2347 argumentationis
1398 2265 1560 2328 deelsrrre

468 2373 613 2447 velimus,
640 2390 694 2436 res
715 2368 879 2444 commode
898 2370 1017 2451 poterit
1037 2368 1101 2432 hoo
1120 2369 1217 2431 motio
1238 2367 1271 2431 iu
1292 2369 1399 2432 isbuls
1420 2371 1461 2432 ob
1484 2388 1559 2432 oeu-

452 2478 517 2550 ·los
539 2475 711 2550 collorum·

531 2615 633 2678 Unum
646 2613 773 2682 sibimet
787 2611 848 2693 ip'si
859 2611 963 2674 simile
973 2617 1033 2692 ost,
1054 2617 1188 2695 propter
1201 2609 1374 2686 relationis,
1388 2630 1446 2691 qus
1459 2612 1561 2699 polle-

596 2718 668 2793 bst‚
689 2716 858 2788 virtutem3
887 2715 921 2777 iu
942 2734 981 2779 es
1001 2718 1083 2777 euim
1105 2714 1287 2809 differentis
1309 2716 1506 2783 oernelrstur.

531 2821 635 2893 Upum
657 2818 718 2880 sibi
740 2822 790 2881 est
811 2816 982 2895 dissimiis3
1011 2838 1080 2882 usm
1103 2818 1244 2900 singulae
1260 2819 1327 2885 eius
1347 2824 1562 2904 perieratque

596 2923 716 2998 iormse
737 2923 857 3005 puriter
878 2930 973 3004 sique
992 2927 1094 2985 totum
1109 2922 1282 3004 perfeetum
1297 2922 1414 2984 inirent
1433 2929 1562 2994 neturus

597 3047 673 3094 sure
700 3008 963 3107 convenientium,
994 3027 1027 3087 in
1049 3045 1110 3107 qus
1129 3026 1197 3108 ipsu
1217 3027 1350 3111 emergit
1372 3027 1562 3110 singidonum

598 3129 832 3205 dissimilitudm

533 3233 637 3307 Unum
657 3231 719 3292 sibi
739 3249 836 3310 porro
858 3235 907 3303 est
927 3230 1051 3304 simile,·
1079 3230 1221 3293 ob'huno
1242 3231 1340 3312 ipsum
1362 3232 1430 3296 eius
1448 3231 1563 3295 identi-

598 3339 713 3414 ntem,
746 3333 779 3395 iu
801 3352 861 3418 qus
882 3332 1093 3403 similitudinis
1116 3353 1223 3407 cousus
1245 3337 1320 3397 item
1343 3342 1393 3397 est
1413 3336 1563 3417 reposito,

537 3438 679 3518 Denique
701 3455 795 3513 unum
817 3435 878 3503 sibi
900 3433 1055 3498 dissimile
1077 3445 1125 3507 est
1146 3439 1240 3511 etism
1262 3445 1394 3521 propter
1415 3437 1564 3502 differen-

598 3542 674 3619 tium
703 3541 789 3616 ilism
817 3559 835 3601 e
863 3539 987 3616 diverse
1008 3541 1168 3603 relationis
1190 3544 1219 3603 si
1242 3543 1420 3619 oriundum,
1449 3544 1481 3606 in
1504 3563 1565 3625 qus

600 3662 664 3721 non
685 3650 792 3727 potest
813 3663 877 3706 nou
898 3643 991 3718 simul
1013 3643 1275 3716 dissimilitudinis
1296 3647 1377 3709 rullo
1400 3647 1563 3718 contineri.

556 3783 627 3846 Nou
650 3802 728 3864 opus
751 3800 823 3845 esse
843 3787 1006 3861 putemus,
1028 3787 1064 3845 ui
1084 3784 1162 3846 lrseo
1181 3785 1284 3846 omnis
1296 3805 1354 3866 per
1367 3789 1472 3865 portes
1485 3784 1564 3846 ulre-

472 3886 538 3950 rius
559 3888 812 3967 interpretemur.
857 3886 918 3965 Qui
942 3888 1023 3949 enim
1049 3905 1157 3949 eorum
1179 3889 1240 3948 sim
1257 3896 1290 3951 et
1307 3888 1564 3969 significationem

472 3991 689 4072 peremerint,
709 4009 793 4070 ,quise
814 3991 920 4070 paullo
942 3999 1015 4053 unte
1036 3992 1077 4053 de
1098 3992 1261 4053 identliste
1277 3999 1371 4071 utque
1388 3988 1565 4052 differentis

473 4095 602 4167 punitatis
624 4095 731 4155 iiuitse
753 4101 826 4155 sunt
848 4095 1015 4174 expliosts‚
1049 4094 1144 4156 isoiie
1166 4115 1221 4155 sus
1242 4101 1355 4174 sponte
1376 4078 1565 4172 intelligent,

474 4198 549 4276 quid
577 4198 699 4280 singule
726 4198 786 4261 silui
814 4197 911 4258 reliut
938 4203 972 4258 et
998 4217 1076 4275 qrrse
1104 4196 1142 4259 iis
1177 4197 1316 4261 sublenis
1338 4195 1492 4258 sententio
1513 4198 1566 4270 sit.

473 4301 581 4381 lisque
602 4303 761 4384 pergimus
783 4302 822 4361 sd
843 4300 1027 4361 illustranda
1040 4319 1094 4374 es,
1117 4320 1197 4379 quse
1209 4301 1355 4379 deinceps
1370 4299 1410 4371 de
1424 4299 1568 4378 idearum

474 4413 570 4484 sique
589 4425 695 4475 rerum
717 4411 825 4481 mutue.
846 4401 1042 4470 coniectione
1063 4404 1239 4480 truduntur,

480 4549 692 4577 ‘Qun—-

542 4624 568 4689 u
587 4573 623 4690 τ’
637 4570 703 4690 rso..
723 4626 756 4688 u
