3775 5442
664 651 710 712 ΙΝ
740 650 1062 718 ΡΑΒΜΕΝΙΒΕΜ.
1255 690 1264 706 ·
1339 652 1403 718 5⁰5

316 822 450 896 Ἀθήνας,
472 825 517 881 ἰ’να
537 823 688 899 μετάσχωσι
710 825 765 882 τοῖν
785 829 947 902 τελεωτέραν
968 826 1124 902 δογμάτων,
1156 830 1182 885 οί
1204 830 1232 884 δι’
1246 826 1276 904 Ι)
1298 832 1327 883 ἐκ
1348 828 1402 886 τοῖν

316 928 441 1001 Ἀθηναῖν
462 924 548 986 ούκέτι
571 926 640 986 κατά
662 928 711 985 τόν
732 925 817 986 αύτόν
837 927 921 1004 λόγον
942 929 979 997 τίς
1004 926 1120 988 Ἰταλίαν
1145 925 1305 1005 ἀφικόμενοι
1327 913 1401 1004 μετέ-

319 1054 386 1102 σχον
405 1032 454 1102 τῆς
473 1033 580 1088 ἐκείνων
600 1034 768 1105 φιλοσοφίας,
792 1027 846 1089 ἀλλ’
867 1032 981 1106 ἔγσταλιν
1001 1039 1096 1092 ἐκεῖνοι
1118 1038 1175 1099 ταῖς
1194 1028 1326 1104 Ἀθήναις
1347 1055 1404 1090 πα-

319 1132 538 1212 ραγενόμενοιί)
559 1137 704 1209 μετέδοσαν
724 1134 779 1194 τοῖν
800 1135 905 1194 σίκείοιν
925 1135 1083 1211 δογμάτων·
1118 1135 1153 1202 οῖς
1174 1136 1221 1193 καί
1242 1133 1289 1193 ἐπ’
1312 1133 1403 1195 αύτοῖν

320 1240 373 1310 ἔχει
399 1241 454 1298 τοῖν
479 1232 567 1298 άντων
592 1244 648 1306 τοῖς
674 1239 830 1313 δυναμένοις
857 1241 1001 1317 καθορᾶν,
1030 1240 1064 1297 τά
1084 1242 1133 1315 μὲν
1161 1239 1255 1317 προῖτα
1276 1239 1404 1319 πανταχῇ

320 1340 448 1419 πάρεστιν
469 1337 610 1408 ἀκωλύτως
631 1344 707 1418 μέχρι
727 1340 783 1399 τοῖν
809 1339 929 1411 ἐσχάτων
941 1343 986 1402 διδ
1007 1345 1062 1401 τοῖν
1081 1345 1178 1417 μέσων,
1198 1343 1232 1401 τά
1252 1346 1281 1403 δὲ
1302 1343 1403 1414 ἔσχατοι

319 1445 461 1505 τελειοῦται
483 1444 528 1502 διὰ
546 1443 602 1502 τοῖν
620 1447 717 1519 μέσων,
738 1442 772 1501 τά
793 1445 822 1502 δὲ
842 1447 910 1519 μέσα
931 1448 1034 1516 δέχεται
1053 1449 1103 1520 μέν
1117 1445 1168 1519 τήν
1182 1448 1237 1508 τοῖν
1250 1445 1401 1524 πριύτωνῧ)

319 1547 356 1614 είς
379 1543 490 1622 αύτά*)
514 1545 604 1617 δόσιν,
626 1553 693 1604 κινεῖ
713 1548 743 1604 δέ
763 1545 796 1604 τά
817 1547 919 1618 ἔσχατα
940 1550 987 1606 καί
1008 1551 1157 1625 ἐπιστρέφει
1170 1549 1237 1628 πρὸς
1252 1541 1334 1609 ἑαυτά
1357 1551 1405 1608 καί

319 1655 422 1726 γίνεται
443 1652 498 1708 τοῖν
519 1644 610 1727 οῖκρων
632 1644 692 1709 οἷον
712 1653 808 1727 κέντρα
830 1652 877 1709 καί
897 1649 1034 1725 δυνάμεις,
1055 1649 1226 1729 πληρούμενα
1239 1656 1289 1727 μίν
1303 1657 1332 1709 έκ
1350 1651 1404 1710 ταῖν

318 1758 498 1831 τελειοτέραν,
525 1752 716 1830 πληροῦσαιί)
745 1756 775 1811 δέ
800 1754 834 1811 τά
863 1752 1000 1831 ὑφειμένα.
1042 1751 1061 1826 ή
1088 1758 1138 1830 μέν
1166 1744 1217 1813 οιῖν
1241 1751 1330 1820 Ἰωνία
1358 1754 1406 1825 τῆς
1436 1794 1440 1800 -

317 1856 427 1931 φύσεως
447 1857 513 1914 ἔστω
535 1851 723 1943 σύμβολον,οή
746 1859 775 1914 δι’
793 1854 892 1916 Ἰταλία
905 1858 954 1930 τής
969 1856 1065 1935 νοερᾶς
1080 1854 1179 1926 ούσίας,
1201 1857 1231 1915 αἱ
1244 1859 1272 1916 δί
1287 1853 1404 1929 Ἀθῆναι

317 1961 369 2033 τῆς
389 1962 475 2034 μέσης,
497 1949 586 2030 δι’ής
605 1954 703 2025 άνοδσς
725 1951 781 2018 έστί
802 1966 860 2027 ταῖς
881 1956 935 2018 άπό
958 1962 1007 2033 τῆς
1026 1959 1133 2034 φύσεως
1153 1960 1278 2028 είςνοιῖν
1299 1965 1404 2038 έγειρο·

318 2067 411 2140 μένοις
432 2068 539 2137 ψυχαῖς.
573 2061 655 2120 τούτο
675 2062 746 2137 γοῦν
766 2065 813 2121 καί
835 2061 851 2122 α’
871 2066 1000 2137 Κέφαλος
1021 2060 1108 2131 εύέίύς
1129 2069 1158 2124 έν
1179 2066 1328 2141 προοιμίοις
1349 2086 1401 2137 φη·

320 2172 376 2234 σίν,
404 2172 433 2224 έκ
454 2166 636 2240 Κλαζομενοῖν
657 2170 771 2224 οἴκοθεν
789 2162 923 2237 Ἀθήναζε
943 2168 993 2239 τής
1012 2168 1069 2226 τοῖν
1088 2170 1291 2246 Παρμενίδείοιν
1311 2166 1403 2242 λόγων

320 2267 475 2345 ἀκροάσεως
501 2270 578 2327 ἕνεκα
606 2266 770 2343 σίφικέσθαι,
800 2269 847 2326 καί
874 2265 1037 2346 ἀφικόμενος
1063 2277 1181 2343 ἐντυχεῖν
1207 2266 1269 2327 κατ’
1297 2266 1403 2346 ἀγοράν

316 2369 475 2449 Ἀδειμάντῳ
497 2375 544 2430 καὶ
564 2371 717 2440 Γλαύκωνι,
749 2372 796 2428 καί
816 2371 861 2429 διά
881 2375 960 2432 τοῦτο
972 2370 1004 2452 ⁶)
1024 2371 1179 2448 Ἀντιφῶντι
1201 2370 1398 2450 συγγενόμενος

318 2474 513 2552 ἀκροάσασθαι
533 2476 588 2534 τοῖν
608 2474 706 2550 λόγων,
730 2473 776 2540 οὓς
796 2479 893 2540 ἐκεῖνος
914 2462 1087 2551 ἀπήγγελλεν
1100 2475 1135 2542 οῖς
1155 2477 1232 2554 παρὰ
1252 2473 1395 2534 Πυθσδοῖ·
1409 2462 1447 2519 57
1531 2503 1533 2505 ’

317 2603 370 2658 ρου
390 2583 564 2654 πεπυσμένος,
587 2577 655 2652 ἅπερ
677 2583 775 2641 ἐκεῖνος
795 2572 903 2648 ήκηκιῖει
914 2578 1095 2652 Παρμενίδου,
1117 2575 1154 2635 δι’
1169 2568 1203 2638 ού
1216 2580 1390 2656 δείκνυταιί)

283 2711 287 2716 ’
319 2681 420 2742 ιῖπσῒον
441 2682 525 2756 διῖθ)
549 2677 617 2737 εἶναι
638 2677 687 2735 τὸν
708 2674 943 2752 άναχθησόμενον,
966 2678 1008 2736 ὅτι
1026 2680 1136 2756 πραῖτον
1150 2685 1199 2756 μὲν
1213 2676 1403 2758 άνεγείρεσθαι

317 2787 369 2843 τοῦ
391 2782 555 2857 σώματοςθ)
579 2781 625 2837 καί
646 2778 755 2855 φεύγειν
775 2779 826 2851 τήν
846 2780 914 2857 πρὸς
935 2777 1002 2838 αιῖτό
1026 2785 1183 2841 κοινωνίαν·
1207 2777 1280 2847 οἶκος
1294 2783 1348 2859 γὰρ
1369 2779 1402 2840 τά

315 2891 399 2964 σῶμα
421 2888 467 2957 τής
490 2885 577 2959 ψυχῆς
591 2884 654 2961 ¹⁰)·
686 2885 732 2940 καί
755 2881 898 2943 συνάπτειν
923 2883 1022 2943 ἑαυτὸν
1047 2884 1117 2961 πρὸς
1144 2879 1194 2943 τόν
1219 2885 1266 2956 τής
1284 2879 1404 2956 Ἀθηνᾶς

316 2993 421 3069 κλῆρον
442 2995 471 3048 ἐν
491 2995 546 3054 τοὶς
567 2987 651 3055 ὅλοις·
683 2976 717 3046 σύ
743 2985 842 3064 κλήρου
862 2986 1050 3062 μετασχούσαν
1077 2987 1127 3061 τήν
1155 2983 1247 3064 ιγοιχήν
1267 2981 1347 3043 ούδέν
1367 2986 1405 3043 ἔτι

318 3092 488 3171 θαυμαστόν
509 3087 661 3169 αύτοῖνΗ)
681 3094 813 3166 γενέσθαι
833 3090 889 3149 τοῖν
909 3091 1025 3169 προῖτων
1040 3089 1128 3152 άντων
1149 3087 1269 3169 θεωράν,
1291 3089 1339 3148 καί
1359 3087 1405 3148 διά

319 3197 423 3258 τούτων
443 3195 606 3255 ἐποπτεῦσαι
627 3196 674 3253 καί
695 3191 777 3260 αύτάς
798 3193 846 3260 τάς
865 3195 921 3254 τοῖν
942 3192 1030 3255 άντων
1051 3190 1161 3264 ένάδαςζ
1183 3196 1231 3253 καί
1252 3196 1289 3253 ἔτι
1310 3178 1404 3252 καθοὲ

322 3300 476 3378 λικύτερσν,
503 3298 537 3356 τά
558 3297 674 3371 φυσικά,
701 3287 740 3356 οῖν
760 3298 839 3359 είκοῖν
859 3301 886 3358 ολ
906 3304 935 3365 ἐξ
954 3296 1057 3364 Ἰωνίας
1077 3298 1123 3369 τῆς
1144 3300 1302 3384 πριοτίοτηςΧ
1317 3296 1404 3361 αἰτίας

320 3403 486 3483 έξήρτηνται,
509 3402 555 3459 καὶ
576 3402 621 3458 έπὶ
641 3399 690 3471 τήν
709 3400 814 3476 μονάδα
833 3401 955 3480 χωροῦσι
975 3402 1024 3460 τοῦ
1045 3398 1146 3465 παντός
1167 3396 1301 3470 πλήθους.
1345 3399 1401 3456 τοῖν

319 3513 370 3584 μὲν
388 3507 444 3585 γὰρ
465 3507 588 3580 φυσικῶν
609 3504 688 3562 εἶδοῖν
708 3503 737 3561 τό
761 3507 870 3576 πλῆθος
897 3506 954 3563 τοῖν
981 3499 1091 3580 οἷνάμων
1115 3507 1220 3579 χεῖρον,
1252 3505 1352 3581 μετέχει
1372 3503 1402 3558 δι’

319 3610 353 3670 τιῖ
373 3611 484 3683 πλῆθος
504 3610 554 3666 τοῦ
576 3610 784 3682 συντεταγμένου
806 3605 865 3674 ἑνός
885 3608 934 3667 τοῦ
956 3613 986 3666 έν
1005 3613 1061 3674 τοῖς
1081 3611 1196 3692 πολλοῖς,
1218 3605 1271 3688 πρόΙ
1295 3602 1401 3663 δέταύ-

320 3737 371 3772 τσυ
393 3713 448 3772 ἔστι
467 3714 498 3769 τὸ
523 3713 682 3790 ἐξῃρημένον
709 3711 751 3779 ἵν,
779 3711 811 3770 τό
838 3711 892 3789 πρό
921 3711 977 3771 τοῖν
1006 3712 1127 3780 πολλοῖν,
1158 3708 1175 3767 δ’
1202 3709 1233 3781 δή
1263 3708 1319 3766 ίδία
1345 3709 1402 3765 έστλ

323 3816 401 3893 παρὰ
421 3814 555 3875 Πλάτωνι.
578 3815 653 3871 ’ἔστι
673 3814 744 3889 γοῦν
763 3816 871 3885 πλῆθος
891 3814 926 3872 τά
947 3809 1049 3890 άτομα,
1079 3814 1145 3881 δυάς
1165 3814 1195 3872 τὸ
1218 3811 1335 3887 φυσικὸν
1356 3811 1402 3867 καί

323 3921 535 3996 συντεταγμένον
555 3912 631 3984 είδος,
652 3916 736 3992 μονὰς
757 3919 785 3976 δι’
806 3917 837 3975 τὸ
858 3923 959 3978 ένιαῖσν
982 3919 1027 3977 καί
1048 3921 1208 3996 ἐξῃρημένον
1229 3911 1305 3980 εἶδος.
1327 3910 1403 3990 προί·

375 4209 404 4277 λ)
419 4211 450 4261 Β.
464 4229 515 4261 ουτ.
531 4214 556 4262 σί
573 4212 613 4263 δὲ.
623 4247 645 4262 ..
663 4229 746 4279 usque
760 4214 853 4264 τιίτοῖν
866 4213 962 4264 σίκιίων
975 4207 1119 4276 δογμάτων.
1132 4235 1165 4244 -
1182 4203 1210 4265 2)
1224 4205 1256 4254 D.
1270 4200 1415 4281 mptyaevti-¹

320 4315 446 4364 μενσι.-
463 4295 494 4363 5)
506 4296 535 4346 C.
548 4297 713 4367 πραγμάτων.
727 4328 758 4337 -
773 4297 807 4364 4)
820 4298 892 4348 C.D.
905 4294 1034 4348 ἑαυτά-
1052 4292 1082 4361 ὅ)
1102 4293 1130 4343 C.
1150 4294 1301 4362 πληροῦται.
1321 4289 1403 4339 Refer

320 4379 488 4452 πληρούμενα
510 4384 545 4432 ad
561 4389 660 4454 κέντρα,
677 4385 821 4454 πληροῦται
839 4384 874 4432 ad
891 4381 1019 4451 δυνάμεις.
1044 4379 1122 4431 cous.
1153 4406 1185 4416 ·-
1219 4374 1250 4443 6)
1268 4376 1299 4427 Β.
1320 4374 1348 4426 C.
1366 4374 1400 4424 Ι).

320 4467 435 4520 τούτων.
454 4497 487 4506 -
520 4467 553 4535 7)
572 4468 601 4518 C·
620 4471 653 4524 D·
673 4471 841 4541 Παρμενίδου
859 4470 945 4538 σαφῶς
962 4472 987 4521 έν
1003 4465 1110 4525 τούτοις
1128 4466 1257 4525 δείκνυσιν,
1276 4460 1400 4517 ὁποῖον...

321 4584 356 4595 -
373 4552 405 4621 8)
426 4553 455 4603 C.
475 4554 509 4603 Ι).
526 4552 583 4624 χρή.
600 4584 634 4594 -
667 4554 698 4624 9)
716 4556 750 4607 Ι).
769 4554 932 4626 Σωκράτους.
954 4583 982 4594 -
1003 4553 1052 4619 10)
1072 4552 1101 4603 C.
1120 4551 1154 4601 D.
1175 4553 1243 4607 οἶκος
1260 4547 1311 4617 γάρ
1328 4546 1402 4614 υοῖμω

323 4643 420 4709 «ποτε
441 4671 474 4678 -
510 4639 554 4704 ¹1)
572 4640 602 4690 c.
622 4638 701 4706 τοι.
773 4697 778 4704 .

1430 4712 1551 4810 1·
