3775 5442
376 633 438 695 884
796 629 881 689 biber
902 643 1033 707 quartus.

375 804 435 867 sibl
456 804 638 867 illustranda
660 803 866 882 subtiliusque
886 800 1075 882 exquirenda
1096 806 1241 863 sumeret.
1294 802 1381 880 Quae
1402 801 1456 863 ubi

375 927 444 969 cum
466 906 587 967 ratione
608 906 705 966 luerit
725 906 917 984 investigata,
939 908 967 967 ai
988 906 1073 966 nulla
1094 912 1239 984 appareat
1255 903 1456 965 decretorum

375 1010 442 1070 eius
471 1010 672 1087 repugnantia
699 1015 752 1068 aut
778 1008 941 1069 mauiiesta
977 1008 1149 1081 discordia,
1186 998 1286 1066 omnis
1318 1007 1455 1085 susspicio

375 1117 428 1173 aut
449 1110 620 1183 dubitatio,
649 1127 728 1187 quae
749 1109 789 1170 dc
811 1127 918 1172 eorum
940 1113 1125 1173 auctoritate
1147 1109 1349 1188 suscipiatur,
1377 1128 1455 1171 vaca

375 1215 436 1276 erit
457 1220 551 1292 atque
570 1212 681 1273 inanis.
943 1274 949 1281 ,

405 1358 407 1363 -
459 1315 610 1378 Videmur
640 1321 743 1375 autem
764 1334 921 1384 caussam,
951 1333 1007 1375 cur
1027 1316 1059 1376 in
1081 1315 1130 1376 his
1152 1314 1239 1379 libcis
1260 1313 1359 1373 multa
1380 1332 1454 1373 eon·

374 1421 549 1490 tineentur,
585 1434 662 1496 quae
689 1435 837 1497 nusquam
866 1417 940 1477 alibi
970 1418 1001 1479 in
1030 1417 1160 1477 Platone
1181 1416 1335 1495 reperias,
1364 1416 1457 1477 nobis

373 1520 529 1581 invenisse
550 1521 625 1581 satis
645 1521 785 1582 idoneam
808 1527 901 1599 atque
922 1521 1126 1600 probabilem.
1169 1520 1244 1580 ham
1267 1519 1399 1598 primum
1422 1519 1455 1579 iu

374 1621 566 1696 'l'heaetcto‚
594 1623 742 1703 Sophiste
772 1642 808 1685 ac
830 1623 1013 1684 Permesside
1041 1624 1082 1684 de
1110 1622 1262 1683 industria
1285 1622 1456 1701 explicatur

376 1725 516 1787 doctrina
545 1726 723 1805 philosophi
752 1725 977 1804 metaphysica,
1011 1743 1089 1804 quae
1118 1725 1243 1804 quidem
1273 1725 1361 1799 locoa
1383 1727 1455 1785 illos

375 1830 417 1889 de
437 1829 467 1889 sl
488 1837 521 1888 et
541 1838 650 1888 natura
671 1847 796 1902 eornm,
824 1847 903 1908 quae
925 1846 996 1887 scre
1018 1835 1104 1901 suut,
1138 1830 1239 1908 deque
1266 1829 1394 1889 scientia
1422 1836 1456 1889 et

375 1932 552 2010 cognitione
572 1950 632 1992 una
654 1932 872 2011 complectitur
885 1931 977 2001 ideo,
1000 1930 1071 2008 quia
1093 1931 1132 1989 de
1147 1931 1284 1993 Platonis
1301 1932 1455 2009 sententia

374 2037 459 2107 eius,
491 2034 574 2113 quod
602 2033 739 2112 cogitare
763 2018 895 2096 'dicimus
924 2041 1017 2112 atque
1044 2052 1129 2106 esse,
1159 2054 1277 2095 summa
1305 2042 1352 2096 est
1379 2053 1453 2096 cou-

374 2139 491 2200 iunctio
519 2145 612 2216 atque
639 2138 835 2198 necessitudo
863 2137 954 2216 plane
983 2136 1216 2198 indissolubilis.
1280 2137 1348 2199 Etsi
1370 2137 1452 2197 euim

374 2243 507 2322 plurima
529 2240 568 2300 de
588 2238 699 2300 codem
722 2250 904 2317 argumento
927 2240 1019 2300 etiem
1043 2239 1116 2299 alibi
1139 2240 1278 2318 dispersa
1298 2243 1454 2320 leguntur,

373 2353 476 2404 tamen
505 2343 607 2405 nullus
634 2350 718 2403 extat
746 2342 845 2416 liber,
877 2363 938 2422 quo
967 2344 1008 2402 de
1034 2343 1090 2403 illo
1119 2344 1188 2403 loco
1210 2353 1377 2422 quaeratur
1398 2344 1454 2417 sic,

319 2518 321 2523 ¹
374 2456 410 2508 ut
431 2447 492 2507 huc
513 2445 612 2524 ipsum
635 2445 828 2524 potissimum
851 2447 902 2525 agi
923 2453 1072 2526 protenus
1096 2454 1252 2524 appareat.

459 2551 623 2611 Enimvero
651 2548 819 2627 cohaerent
848 2549 931 2609 hstes·
961 2566 995 2608 se
1018 2549 1189 2609 arctissime
1210 2549 1399 2609 'l‘beactetus
1421 2554 1454 2609 ei

374 2653 485 2732 reliqui
508 2662 588 2724 tres,
612 2671 688 2732 quos
711 2653 861 2724 diximus,
883 2652 1018 2731 dialogi..
1071 2652 1145 2713 Nam
1169 2653 1259 2712 sicuti
1280 2653 1312 2713 lu
1334 2650 1454 2711 Theae-

372 2765 441 2815 teto
463 2756 496 2816 id
517 2758 635 2835 agitur,
664 2762 699 2816 ut
724 2757 883 2816 scientiam
911 2756 1049 2816 veritatis
1071 2774 1133 2815 nou
1155 2755 1185 2814 in
1215 2774 1359 2817 sensnum
1381 2772 1452 2833 per-

373 2859 515 2937 ceptione
538 2868 591 2919 ant
612 2865 697 2918 recta
719 2858 864 2937 opinione
886 2861 989 2920 inesse
1010 2866 1166 2938 appareat,
1190 2860 1233 2918 ita
1253 2859 1284 2918 in
1307 2858 1454 2938 Sophiste

372 2960 583 3022 Eleaticorum
612 2962 809 3040 impugnatur
830 2963 998 3035 sententia,
1027 2963 1079 3039 qui
1102 2981 1224 3021 orrrnem
1246 2981 1350 3022 renum
1372 2962 1453 3022 veri·

372 3072 468 3124 tatem
498 3065 536 3123 ad
565 3083 658 3124 unum
691 3065 767 3125 illud
793 3066 854 3125 ilus
876 3084 966 3125 suum
988 3063 1182 3135 referebant;
1216 3065 1248 3125 iu
1269 3065 1455 3126 Parmenide

374 3173 478 3227 autem
501 3167 642 3240 docetur,
665 3167 821 3245 quomodo
844 3177 974 3246 utraque
996 3167 1076 3228 ratio
1099 3169 1288 3229 concilianda
1306 3175 1453 3230 ctcmeu-

374 3268 475 3327 danda
497 3267 553 3341 sit,
575 3269 713 3346 exposita
733 3270 831 3347 ipsius
853 3268 990 3329 Platonis
1013 3270 1053 3330 de
1073 3270 1153 3332 ideis
1174 3271 1336 3333 sententia.
1379 3272 1454 3351 Qui-

372 3372 431 3432 bus
453 3370 541 3431 libris
562 3370 685 3431 additus
707 3379 758 3433 cst
780 3371 945 3446 Politieus,
980 3372 1033 3449 qui
1054 3375 1149 3435 veluti
1177 3376 1340 3435 transitum
1364 3381 1453 3454 parat

373 3473 561 3535 ascieutiae
588 3474 788 3554 veritatisque
815 3476 1074 3555 pernestlgcllone
1102 3481 1140 3538 ad
1168 3480 1266 3557 ipsam
1293 3476 1452 3537 hominum

372 3577 464 3636 vitam
488 3576 702 3657 actionemque
723 3581 1008 3659 contemplandam,
1041 3581 1192 3659 siquidem
1220 3582 1251 3642 iu
1281 3580 1342 3641 hoc
1370 3581 1452 3641 libro

372 3679 549 3740 ostenditur
577 3699 671 3742 uestis
699 3684 883 3760 cognitionis
914 3694 1007 3762 atque
1036 3685 1183 3757 actionis,
1213 3702 1291 3764 quae
1322 3691 1453 3762 utraque

371 3783 404 3842 iu
425 3782 511 3862 regia
533 3790 600 3844 arte
622 3785 784 3846 coniuncta
806 3806 875 3848 esse
898 3788 1011 3847 debeat
1029 3795 1138 3867 utpote
1151 3789 1243 3868 louge
1263 3789 1452 3867 gravissima.

370 3885 418 3946 Er
440 3904 500 3964 quo
523 3893 667 3965 apparet,
697 3906 757 3966 quo
790 3892 901 3952 ordine
926 3889 1052 3952 bilibri
1075 3908 1145 3949 sese
1168 3890 1344 3970 exceperint
1365 3898 1399 3949 et
1420 3890 1453 3950 in

370 3989 524 4069 publicam
547 3990 646 4051 lucem
669 3991 850 4069 prodierint.
895 3993 971 4055 Nam
994 3993 1076 4074 quod
1099 3992 1261 4053 Theaetet
1284 4013 1314 4073 p.
1329 3990 1450 4055 luuh

371 4101 404 4152 et
426 4093 563 4172 Sophist.
591 4114 623 4173 p.
644 4094 717 4159 217.
733 4096 768 4156 0.
795 4097 941 4176 colloquii
970 4098 1053 4158 iuter
1073 4096 1234 4156 Socratem
1255 4097 1397 4156 iuvenem
1419 4102 1454 4155 et

370 4195 586 4258 Parmenidem
614 4203 715 4257 aetate
736 4201 933 4278 grandiorem
961 4199 1059 4262 babiti
1087 4198 1203 4261 mentio
1232 4199 1384 4274 inlicitur,
1417 4197 1452 4259 id

369 4306 457 4360 certe
478 4317 539 4360 nou
561 4317 629 4359 eam
653 4301 711 4359 rim
735 4301 838 4374 babet,
861 4312 896 4364 ut
917 4322 986 4364 cum
1002 4303 1288 4365 Schleiermachero
1311 4307 1451 4363 statuen-

369 4402 441 4463 dum
471 4404 530 4474 sit,
559 4403 773 4464 Parmenidem
803 4406 960 4485 dialogum
987 4406 1073 4485 priua
1102 4425 1192 4485 quam
1227 4416 1348 4468 ceteros
1378 4422 1452 4485 pro·

369 4503 474 4566 diisse.
518 4505 580 4567 lmo
601 4505 767 4566 verisimile
785 4516 834 4567 est
852 4509 952 4587 ipsum
967 4507 1126 4572 Platonem
1144 4511 1241 4573 velanti
1262 4510 1294 4569 in
1312 4519 1452 4570 anteces-

369 4623 436 4665 sum
458 4606 662 4686 slgdltlcassc,
690 4623 761 4669 sese
788 4608 848 4671 boc
870 4610 938 4692 ipso
961 4628 1105 4675 sermone
1127 4632 1191 4674 rem
1215 4618 1452 4693 persecuturum
