3775 5442
659 644 745 704 ulter
766 646 885 724 primus.
928 642 1028 706 Sestio
1050 647 1084 705 V.
1351 645 1414 710 lct

327 822 435 896 potest
457 815 647 889 continuari,
669 817 765 878 veluti
786 816 888 879 iorma
910 838 1034 900 semper
1055 820 1203 881 materiae
1224 838 1259 879 sc
1280 819 1413 882 altissim
1508 843 1510 852 ·

325 918 457 981 materia
479 917 599 984 iormae
622 920 879 997 adhaerescente,
901 940 1094 1001 consequeus
1122 940 1192 985 essa
1213 921 1412 985 Parmenides

325 1025 514 1097 arbitratur,
536 1029 572 1084 ut
592 1024 632 1083 ad
655 1034 824 1085 extremum
845 1026 1008 1086 innumera
1022 1025 1171 1104 quaedam
1183 1025 1318 1104 partium
1333 1027 1412 1087 mul-

323 1126 429 1187 titudo
453 1125 534 1185 cutis
555 1127 633 1187 liniti
654 1129 820 1190 exoriatur.
863 1130 973 1207 ltaque
990 1127 1048 1189 hac
1062 1128 1328 1207 argumentatione
1343 1129 1413 1190 elil·

324 1233 423 1303 eitur,
446 1235 482 1288 ut
503 1248 541 1289 ea
562 1236 669 1291 mutua
690 1230 750 1291 lsta
771 1233 833 1292 τοῦ
853 1226 926 1305 ἑνός
954 1250 1023 1291 cum
1049 1231 1098 1311 τῷ
1120 1219 1193 1292 ὄντι
1214 1232 1413 1294 cohaerentis
1485 1290 1488 1298 .

315 1342 357 1394 et
383 1331 616 1394 necessitudine
644 1335 734 1414 origo
762 1333 963 1413 plurimarum
983 1334 1108 1395 illarum
1130 1332 1300 1398 formarum
1321 1354 1412 1414 repe-

324 1435 420 1498 tenda
442 1437 500 1509 ait,
524 1454 600 1514 quas
624 1437 774 1499 Platonici
796 1436 882 1498 ldcss
904 1438 1061 1517 appellare
1084 1445 1318 1501 consueverunt.
1349 1439 1410 1500 No-

324 1542 428 1602 lumus
449 1539 483 1600 io
504 1538 597 1600 huius
618 1542 791 1601 tententiae
812 1560 937 1601 causam
960 1546 993 1600 ct
1014 1539 1150 1600 rationes
1171 1542 1343 1603 accuratius
1364 1537 1411 1603 ln-

324 1644 468 1723 qulrerc:
503 1659 606 1720 nequae
633 1642 774 1703 enimin
802 1642 860 1704 hac
887 1650 996 1703 nostra
1023 1642 1193 1722 scriptione
1218 1645 1329 1706 iudicis
1358 1650 1412 1706 aut

324 1744 465 1807 ausoris
487 1752 593 1824 partes
616 1746 824 1825 suscepimus,
861 1745 917 1806 sed
940 1763 1035 1806 sunum
1055 1744 1176 1825 agimus
1196 1745 1411 1826 interpretem,

325 1849 412 1909 caius
436 1847 576 1908 silleium
597 1865 633 1908 ac
654 1866 764 1908 munau
786 1849 831 1908 cis
854 1847 969 1908 liuidus
996 1867 1158 1911 censemus
1185 1849 1413 1922 concinerunt

324 1951 489 2032 scriptoris
511 1959 643 2011 mentem
667 1953 804 2030 aperiatc
833 1959 935 2010 urinum
959 1952 1193 2014 rectescuserlt
1206 1968 1320 2026 necne,
1343 1952 1411 2015 allia

325 2055 558 2115 examinandum
580 2054 741 2132 relinquat.
786 2054 892 2132 ltaque
914 2054 1183 2135 progredimur-ad
1197 2055 1411 2118 illustrandam

325 2179 391 2219 enm
410 2163 549 2238 purtem,
572 2176 631 2235 qaae
650 2176 686 2217 ex
705 2164 810 2217 murtiae
827 2158 952 2219 unitatis
973 2164 1005 2218 ct
1023 2157 1177 2220 esseutiae
1196 2154 1410 2238 discrepicntiu

323 2263 569 2333 demonstratur,
590 2261 621 2320 in
633 2268 706 2320 cute
720 2260 775 2320 illo
787 2261 875 2321 linito
889 2260 1068 2323 immensam
1081 2261 1220 2321 idearum
1231 2261 1410 2324 vadentem

323 2385 363 2426 se
383 2363 613 2424 multitudlnem
633 2363 782 2423 inclusam
803 2361 964 2423 contineri.
1008 2363 1142 2425 lllaaerlt
1162 2369 1265 2426 sutcm
1283 2363 1409 2426 Parme·

325 2467 415 2529 eides
435 2467 468 2527 iu
489 2466 572 2526 huuc
594 2465 663 2526 lere
684 2465 808 2526 modum
821 2465 871 2542 ⁸).
1497 2451 1502 2458 ’

405 2569 511 2660 Unum
533 2569 628 2650 illud,
652 2567 736 2647 quod
756 2570 910 2629 essentiae
929 2569 1103 2649 particeps,
1124 2568 1194 2630 laoc-
1207 2575 1257 2631 cat
1278 2568 1423 2644 flnltum,'·

325 2673 476 2734 numianus
496 2689 582 2746 esse,
606 2673 632 2732 si
653 2690 711 2751 per
732 2690 767 2732 ae
789 2672 889 2731 solum
906 2672 1019 2733 mentis
1032 2672 1218 2752 cogitatlone
1230 2673 1409 2752 complecti·

326 2794 413 2847 mur,
435 2775 585 2835 desinon
607 2780 728 2854 potest,
750 2779 785 2833 ut
807 2774 907 2853 ipsum
929 2793 987 2853 per
1007 2792 1044 2834 se
1064 2775 1178 2833 habeat
1199 2773 1330 2855 aliquam
1358 2794 1409 2835 va·

327 2880 475 2938 rientem
504 2884 537 2938 et
565 2878 805 2938 multitudinem.
855 2876 954 2954 igitur
986 2875 1071 2935 aliud
1101 2874 1173 2952 quid
1201 2875 1335 2935 essentia
1369 2878 1411 2936 ait

329 2998 461 3040 neccsse
486 2988 547 3055 cat,
585 2981 669 3041 aliud
699 2980 800 3059 ipsum
828 2975 1411 3055 unttm,quandcquldcmun1unnun
1450 3002 1453 3010 ·

327 3089 379 3144 est
400 3084 547 3158 assutis,
571 3084 625 3144 sed
649 3082 862 3142 tanatummodo
876 3080 1005 3141 venitin
1026 3079 1177 3157 qaaaudam
1201 3076 1266 3139 eius
1279 3080 1411 3140 societu-

327 3195 390 3247 tem
419 3193 453 3246 ct
479 3187 734 3248 communionem.
784 3185 935 3263 Quocirca
964 3183 1047 3243 inter
1072 3201 1167 3242 unum
1200 3189 1293 3261 atquae
1321 3181 1410 3255 illud,
1435 3229 1438 3234 .

325 3288 409 3369 quod
437 3309 508 3350 csse
533 3290 680 3363 dicimus,
714 3291 817 3349 lucum
845 3287 940 3349 hahet
961 3285 1134 3348 diversitas.
1183 3288 1284 3365 Quum
1306 3292 1410 3355 atatem

326 3413 377 3454 res
398 3393 541 3453 diversae
563 3393 694 3453 existant
716 3391 897 3452 diversitate
919 3389 988 3469 (τῷ
1017 3391 1116 3467 ἑτέρῳ
1144 3376 1178 3451 τὲ
1209 3388 1264 3451 καὶ
1287 3371 1410 3467 ἄλλῳ),
1536 3452 1541 3460 ,

326 3495 470 3575 proiecto
492 3501 732 3555 consentaneum
754 3500 819 3567 est,
847 3492 886 3553 ad
908 3492 971 3553 duo
993 3491 1045 3551 illa
1063 3490 1142 3550 llariti
1163 3491 1242 3552 entis
1258 3491 1410 3553 clemente

325 3599 453 3663 tertium
484 3597 631 3676 quaiddsm
659 3598 839 3670 accessisse,
873 3596 961 3657 cuius
987 3594 1017 3654 vi
1046 3593 1216 3666 efficiatur,
1252 3601 1288 3654 ut
1314 3610 1350 3654 ea
1377 3595 1409 3654 ln

325 3721 446 3763 amma
474 3702 546 3772 illa,
582 3720 643 3778 qua
669 3699 883 3774 continuentur,
911 3696 1138 3758 necessitudine
1160 3688 1313 3775 perpetuo
1335 3717 1353 3756 a
1374 3715 1410 3758 se

325 3805 455 3866 baiccm
484 3804 707 3881 fficiaaugantur.
756 3803 921 3864 Enimvero
950 3799 1142 3879 quantumvis
1171 3797 1342 3859 arctissima
1368 3798 1410 3859 sit

326 3909 384 3969 τοῦ
407 3901 483 3979 ἑνός
506 3915 538 3966 et
560 3908 622 3967 τοῦ
643 3897 740 3978 ὄντος
761 3907 792 3967 iu
811 3913 885 3967 ente
902 3904 991 3965 linito
1006 3903 1190 3974 coniunctio,
1212 3905 1314 3961 umen
1332 3901 1411 3960 altc-
1521 3945 1526 3949 .

326 4028 392 4069 nam
416 4011 457 4071 ab
479 4010 579 4070 altero
602 3999 706 4068 manet
727 4009 899 4082 diversum,
929 4007 1001 4085 quia
1022 4007 1156 4067 essentia
1177 4003 1216 4065 ab
1238 4022 1290 4078 ca,
1319 4021 1410 4080 quam

324 4104 450 4185 mclrit,
473 4111 575 4173 lotma
597 4118 630 4170 et
651 4111 771 4173 ratione
792 4112 961 4190 dlllgenter
982 4116 1031 4170 cst
1053 4105 1264 4168 discernenda.
1309 4105 1409 4182 dtqare

324 4215 397 4276 hinc
418 4213 578 4277 concludit
598 4213 741 4288 Eleates,
762 4215 795 4275 in
817 4222 890 4275 cute
903 4213 965 4274 'illo
988 4210 1094 4293 linito,
1117 4209 1209 4288 quala
1221 4205 1409 4278 informavit,

322 4318 431 4380 hesse
452 4323 516 4380 tres
540 4333 686 4377 numeros
708 4316 887 4394 primariosa
908 4334 947 4378 ex
968 4325 1315 4393 quarumcumerorum
1337 4325 1411 4369 con·

273 4416 275 4493 i
322 4419 824 4511 nmationeacmultiplicttione,
845 4418 1096 4496 variaillaatque
1110 4413 1245 4493 copiosa,
1268 4412 1410 4492 quonlam

391 4639 421 4706 i)
439 4637 502 4690 lota
520 4657 535 4688 a
553 4656 580 4708 p.
599 4637 663 4690 145.
680 4644 709 4689 Α.
725 4656 782 4708 sqp.
801 4670 829 4679 -
844 4638 915 4695 lla.
930 4639 962 4690 E.
