3775 5442
343 4698 384 4816 i
408 4834 409 4841 ψ

484 629 546 693 270
797 630 882 689 Liber
901 630 1052 691 aecoodua.
1096 628 1196 689 Saetio
1218 629 1252 689 ii.

483 820 596 864 uumeu
617 818 688 865 σιω
709 804 864 891 atatuepit
887 805 972 884 quuod
994 803 1134 885 potentia
1156 809 1189 862 et
1210 801 1362 882 capientia
1383 819 1439 864 aura
1460 800 1565 862 omnia

398 906 402 913 '
483 909 618 985 regeret,
640 903 838 984 gubernaret,
860 909 1086 970 moderaretur.
1108 924 1136 967 u.
1150 905 1270 968 Philet.
1284 924 1315 984 p.
1326 905 1378 968 to.
1391 905 1441 969 ed.
1453 900 1565 983 Stepia.

484 1008 531 1069 lie
553 1008 631 1087 ch.
647 1006 682 1068 ii.
704 1026 734 1086 p.
747 1008 820 1073 880.
830 1011 865 1072 1).
873 1030 940 1092 aqq.
964 1008 1109 1089 Legss.
1131 1028 1162 1090 p.
1173 1008 1247 1073 890.
1269 1009 1305 1070 E.
1328 1007 1403 1072 ibid.
1416 1006 1564 1086 ettuqq.

484 1112 538 1173 ubi
560 1129 619 1171 uua
642 1130 748 1172 cauam
771 1109 884 1172 dicitur
911 1114 1010 1174 iibere
1040 1118 1073 1172 et
1094 1112 1236 1174 immunia
1259 1128 1329 1172 eme
1350 1130 1369 1170 a
1390 1116 1564 1170 ceterarum

483 1232 588 1277 rerum
616 1213 752 1274 omnium
781 1213 981 1276 iiuamumtione
1008 1236 1044 1276 ac
1070 1215 1291 1279 uioleaitudioe.
1349 1211 1440 1291 Quod
1469 1230 1565 1291 qurum

484 1336 523 1379 ex
549 1316 618 1378 aliia
645 1316 740 1378 rebus
770 1317 876 1397 colligi
902 1317 1010 1392 liceat,
1039 1319 1079 1380 de
1107 1320 1219 1398 quibua
1248 1315 1453 1397 explicabitur
1479 1313 1577 1386 aiibi·

484 1427 551 1481 tum
572 1438 609 1481 ex
631 1436 668 1480 eo
691 1436 816 1499 quuoque
837 1438 989 1499 apparere
1011 1421 1230 1493 existimamus,
1253 1417 1336 1497 quod
1358 1416 1564 1497 philosophae
1585 1448 1614 1499 g

485 1525 578 1584 etiam
600 1519 746 1581 mundum
768 1521 907 1583 idearum
937 1542 974 1584 ex
1001 1524 1120 1585 infinito
1147 1532 1181 1584 et
1207 1523 1296 1583 iioito
1325 1521 1457 1600 quodam
1479 1519 1565 1600 pria-

485 1625 565 1706 eipio
586 1624 715 1705 prodire
736 1625 843 1700 voluit,
865 1626 1001 1706 ideoque
1022 1627 1096 1688 huic
1110 1627 1232 1706 utrique
1245 1622 1337 1684 etiam
1352 1624 1565 1684 moderantem

485 1729 616 1808 adquam
645 1744 781 1789 maneam
808 1731 998 1809 praeposuit.
1048 1733 1133 1809 Quae
1155 1727 1254 1808 qualia
1275 1727 1400 1788 tandem
1423 1727 1484 1787 erit
1504 1724 1566 1786 niai

483 1830 553 1910 ipae
574 1830 686 1892 Deua?
719 1831 891 1893 Confirmat
912 1833 991 1892 hauc
1012 1832 1196 1893 senteutiam
1218 1830 1348 1890 mirifice
1368 1830 1457 1902 iilud,
1479 1826 1564 1907 quod

483 1934 567 1995 liene
580 1933 839 1996 dieituraobiude
859 1934 947 1995 ideae
961 1933 1084 2010 intueri,
1106 1936 1145 1995 ad
1160 1952 1266 1994 earum
1288 1933 1461 2012 exemplum
1482 1930 1566 1991 huuc

484 2037 662 2100 condidisse
683 2035 840 2113 mundum,
863 2038 1004 2116 adeoque
1024 2037 1107 2117 ipsae
1129 2038 1214 2100 ideae
1236 2038 1405 2106 creaviaaea
1426 2041 1463 2094 ut
1483 2032 1564 2096 itm.

484 2162 515 2222 p.
541 2141 594 2201 28.
613 2140 648 2201 A.
696 2138 748 2200 52.
765 2138 801 2202 Δ.
864 2140 998 2201 Phaedr.
1036 2159 1065 2220 p.
1094 2140 1164 2203 247.
1185 2143 1221 2202 B.
1285 2140 1331 2201 lte
1360 2138 1493 2217 Repubi.
1522 2135 1564 2197 Χ.

483 2264 514 2326 p.
535 2244 609 2305 cot.
626 2244 741 2321 mauu.
783 2240 856 2305 cti.
869 2242 905 2302 1).
956 2244 1047 2322 Quod
1069 2245 1129 2305 etei
1150 2263 1211 2306 nou
1233 2245 1360 2324 proprie
1382 2247 1431 2303 eat
1449 2239 1567 2300 intelli-

484 2349 638 2427 gendum,
666 2351 769 2408 tamen
795 2346 879 2408 iraod
907 2336 1002 2408 duiiie
1029 2364 1067 2409 eo
1101 2349 1252 2427 pertinet,
1287 2354 1323 2407 ut
1355 2344 1441 2406 ideae
1468 2342 1567 2404 menti

484 2450 604 2511 diuinae
638 2449 741 2511 ineaae
773 2453 868 2528 atque
901 2450 1058 2511 obueraari
1092 2450 1290 2530 significetur.
1355 2448 1463 2526 Neque
1489 2447 1568 2508 hacc

483 2554 637 2615 sententia
657 2558 774 2626 nostre,
792 2571 884 2634 quam
899 2552 952 2615 aiii
965 2553 1090 2633 plorimi
1109 2554 1267 2615 nobiacum
1289 2557 1425 2624 tuentur,
1446 2550 1485 2609 iia
1506 2549 1566 2609 im-

484 2656 678 2735 probabitur,
701 2657 755 2736 qui
775 2657 917 2718 idearum
938 2657 1069 2718 similem
1092 2674 1162 2719 eaae
1190 2656 1342 2716 rationem
1369 2651 1567 2723 meminerint

485 2766 577 2839 atque
598 2761 769 2835 notionum,
792 2778 868 2839 quaa
888 2760 998 2823 animia
1020 2760 1137 2822 noatria
1159 2759 1396 2838 comprehensae
1413 2762 1564 2818 tenemus.

485 2863 748 2940 Quemadmodum
771 2864 852 2924 enim
874 2863 934 2925 hae
967 2883 985 2924 a
1006 2868 1109 2925 mente
1129 2863 1366 2943 proficiscuntur
1386 2877 1485 2939 eaque
1505 2878 1567 2921 una

485 2967 699 3037 continentur.
727 2968 771 3028 ita
799 2969 892 3028 etiam
921 2968 1010 3028 ideae
1037 2968 1069 3029 in
1089 2966 1229 3048 perfecta
1252 2967 1371 3026 ratione
1392 2967 1567 3029 oooaiatout

485 3072 522 3130 ab
546 3088 644 3148 eaque
665 3070 780 3130 habeut
802 3088 888 3130 auam
912 3069 1072 3151 originem.
1137 3068 1253 3130 Verum
1282 3068 1333 3130 iric
1353 3076 1467 3149 aponte
1487 3068 1566 3130 iilud

484 3172 693 3251 qauaerenaium
715 3171 808 3244 venit,
831 3173 930 3251 qualia
951 3174 1076 3233 tandem
1098 3174 1264 3235 secundum
1278 3172 1435 3234 Plutonem
1450 3175 1561 3231 natura

484 3274 577 3335 divini
603 3272 736 3333 nauminia
767 3272 961 3349 informanda
987 3276 1037 3336 ait
1101 3275 1148 3337 lie
1172 3293 1234 3356 quo
1257 3276 1315 3336 etei
1335 3275 1403 3355 ipae
1425 3274 1566 3353 philoco-

484 3376 565 3456 pima
588 3395 645 3436 uoa
668 3393 729 3435 nou
757 3375 850 3453 plene
872 3375 1008 3452 edocuit,
1031 3385 1133 3440 tamen
1155 3397 1194 3440 ex
1214 3380 1280 3460 ipaa
1302 3397 1338 3439 re
1358 3377 1567 3457 coniecturam

485 3498 598 3558 capere
624 3480 699 3539 iicet
731 3478 814 3539 haud
849 3479 1103 3545 veridiaaimiiem.
1168 3480 1451 3545 celebratissimum
1486 3480 1568 3540 euim

485 3582 547 3644 iuit
568 3582 726 3642 decretum
748 3587 888 3644 veterum
916 3585 1191 3666 philosophorum,
1225 3586 1336 3648 cimilia
1357 3585 1504 3665 cognosci
1524 3583 1567 3645 ei·

485 3686 611 3748 milibua
625 3686 670 3764 *).
719 3683 781 3744 iam
812 3703 886 3746 uero
913 3687 1051 3751 Plutonia
1079 3690 1232 3751 sententia
1260 3689 1343 3751 Deua
1375 3688 1406 3749 in
1429 3695 1566 3750 coutem-

484 3788 595 3870 piauda
622 3793 748 3849 aeterua
775 3788 922 3864 veritate,
944 3790 1005 3852 hoe
1027 3799 1090 3866 eat,
1113 3793 1201 3868 ideis,
1223 3794 1355 3854 maxime
1374 3792 1448 3853 vivit
1468 3792 1567 3872 riget-

485 3911 554 3972 que.
597 3890 727 3971 Exque
749 3908 941 3972 eouaequeua
963 3900 1013 3957 eat
1040 3902 1179 3955 nutrirem
1202 3896 1268 3957 eiua
1290 3893 1475 3958 simillimam
1498 3909 1568 3956 erac

425 3992 432 4009 “
485 3995 631 4056 idearum.
696 3994 862 4056 Enimvero
891 4015 971 4075 qtuue
1004 3995 1086 4056 ratio
1113 3997 1279 4058 intercedit
1316 3999 1401 4060 iuter
1432 4003 1567 4058 mentem

484 4098 649 4159 humanam
670 4097 799 4177 eiuaqoe
820 4099 963 4173 notitiae,
999 4098 1103 4159 eadem
1132 4100 1213 4160 haurd
1242 4101 1337 4163 duabie
1365 4100 1456 4163 etiam
1483 4101 1568 4160 iuter

485 4202 584 4264 Deum
605 4204 700 4279 atque
718 4199 804 4264 tacu
825 4202 927 4264 iocum
950 4203 1053 4263 habet.
1111 4200 1169 4263 Eat
1190 4202 1272 4263 euim
1292 4205 1348 4265 iiie
1369 4205 1448 4276 νοῦς
1469 4201 1567 4282 βασι-

485 4300 569 4383 λεύς,
591 4311 628 4367 ut
649 4310 699 4367 eat
719 4302 839 4367 Philet.
861 4322 892 4384 p.
912 4305 968 4369 28.
982 4306 1016 4367 (i.
1038 4304 1075 4366 1).
1096 4306 1133 4366 it.
1155 4305 1216 4369 hoc
1238 4313 1298 4381 eat,
1316 4308 1460 4388 perfectu
1473 4307 1568 4367 ratio»

552 4558 581 4624 ¹¹)
599 4557 718 4609 Diximus
734 4556 767 4608 de
784 4554 834 4607 hac
852 4557 967 4625 placito,
994 4559 1065 4629 quad
1082 4560 1161 4612 etiam
1179 4561 1255 4615 Pluto
1272 4562 1466 4631 conprobauit,
1483 4577 1568 4631 nuper

486 4627 521 4676 ad
536 4626 605 4677 nn.
624 4644 651 4695 p.
668 4622 713 4677 cit.
729 4624 759 4675 Α.
776 4640 834 4694 aqq.
854 4630 880 4675 et
897 4624 971 4684 alibi.
