3775 5442
483 618 505 678 4
917 615 1137 697 Prolcgomena.

363 822 390 891 ι
458 790 512 878 ‘in
538 790 600 847 tam
630 786 768 848 diversas
798 792 904 866 partes
926 785 1078 867 disputari
1111 789 1250 868 potuisse
1271 789 1402 850 necdum
1424 789 1463 851 ad
1484 790 1568 851 baruc

480 927 580 986 usque
609 909 691 972 diem
720 908 878 969 Inventum
906 923 991 983 esse,
1029 909 1081 986 qui
1109 909 1274 970 diuturnae
1303 911 1568 972 controversariae

480 1034 574 1108 atque
594 1029 667 1088 iude
689 1048 707 1087 a
729 1028 850 1089 duobus
872 1026 974 1088 ferrae
995 1047 1144 1088 annorum
1166 1030 1303 1089 millibus
1321 1032 1454 1110 agitatae
1472 1031 1565 1091 linem

481 1149 608 1209 iaceret.
669 1149 755 1225 Quae
793 1145 918 1226 quidem
952 1149 1089 1209 viromrn
1132 1149 1381 1211 doctissimorum
1413 1151 1565 1212 dissensio

482 1288 575 1348 quum
597 1273 685 1328 certo
707 1267 748 1325 sit
769 1265 973 1342 documento,
996 1288 1098 1328 semro
1121 1269 1192 1327 libri
1205 1269 1492 1347 interpretationem
1512 1275 1566 1329 aut

481 1386 616 1448 nondum
640 1391 794 1464 repertam
816 1380 888 1447 esse
909 1394 963 1449 aut
983 1407 1046 1449 non
1063 1389 1107 1448 ita
1120 1389 1311 1467 propositam
1324 1395 1356 1450 et
1374 1389 1564 1468 explicatam,

481 1513 517 1567 nt
539 1507 637 1567 omnis
656 1507 787 1568 tollatur
806 1507 1029 1588 disputantium
1044 1506 1212 1583 dubitatio,
1234 1510 1402 1570 verendum
1417 1513 1465 1568 est
1478 1525 1563 1581 sarrs,

436 1612 439 1617 ¹
481 1644 539 1700 ne,
561 1626 588 1686 si
611 1626 678 1704 quis
699 1625 792 1686 brrirrs
814 1646 941 1688 earrssae
964 1629 1112 1688 arbitrum
1128 1648 1162 1688 se
1182 1648 1217 1688 ac
1234 1630 1473 1710 disceptatorem
1494 1626 1563 1686 ido-

480 1764 573 1806 neum
602 1746 743 1825 profiteri
772 1747 901 1819 arrdeat,
928 1747 956 1804 is
985 1748 1034 1805 rix
1062 1747 1271 1824 impudentiae
1297 1756 1353 1819 ¹aut
1380 1745 1564 1807 temeritatis

480 1873 585 1928 notam
607 1866 746 1944 effugare
769 1885 863 1944 posse
884 1865 1036 1925 rideatur.
1082 1868 1232 1944 Quocirca
1260 1887 1319 1946 ego
1341 1867 1396 1927 din
1417 1867 1563 1924 moltum-

480 2005 540 2065 que
562 1984 715 2057 dubitnri,
738 2002 810 2042 ιιιιιιι
834 2003 912 2063 quae
933 1985 1008 2046 iude
1028 1987 1066 2046 ab
1090 1987 1207 2064 aliquot
1225 1989 1311 2048 annis
1326 1986 1365 2045 de
1383 1985 1444 2045 boc
1466 2002 1563 2062 opere

480 2109 702 2165 commentatus
725 2122 843 2178 essem,
866 2104 1031 2182 aliquando
1054 2105 1243 2185 divulgarem
1266 2112 1298 2167 et
1313 2104 1465 2169 communi
1481 2104 1563 2164 uiro-

478 2243 546 2284 rum
569 2223 731 2284 doctorum
754 2224 870 2285 iudicio
887 2225 1084 2319 srrbiieerem.
1127 2226 1309 2286 Diuturnam
1325 2223 1562 2286 haesitationem

478 2341 603 2403 tandem
632 2349 665 2403 et
693 2343 788 2404 studii
816 2343 1034 2424 magnitudinis
1057 2346 1244 2406 conscientia
1266 2352 1299 2406 et
1320 2346 1400 2406 bene
1422 2341 1562 2403 merendi

479 2463 620 2524 voluutas
647 2465 815 2542 superarit.
867 2463 1045 2526 Accedebat
1073 2465 1223 2525 benevola
1249 2467 1416 2527 amicornm
1445 2463 1560 2523 adhor-

478 2584 573 2659 tatio,
611 2584 663 2663 qui
684 2584 850 2645 monebant
871 2584 1057 2659 identidem,
1089 2585 1187 2646 rideri
1208 2604 1258 2646 me
1280 2587 1340 2647 sibi
1361 2604 1423 2647 non
1444 2583 1561 2644 frustra

478 2705 510 2764 in
539 2721 635 2783 opere
666 2702 845 2782 explicando
874 2705 1098 2779 elaboravisse,
1133 2725 1168 2766 ae
1195 2705 1222 2767 sl
1251 2706 1325 2785 qnid
1352 2706 1452 2765 minus
1474 2708 1560 2762 recte

478 2823 678 2899 indicassem,
713 2822 805 2884 lneile
831 2844 925 2904 posse
948 2826 985 2886 ab
1009 2825 1046 2886 iis
1070 2825 1173 2887 solatii
1195 2831 1374 2904 argumenta
1403 2827 1560 2902 repetere,

479 2912 531 3022 qui
565 2951 655 3004 antea
687 2944 719 3002 in
754 2945 883 3004 eandem
917 2967 1041 3007 arenam
1076 2946 1318 3006 descendissent.
1373 2944 1430 3004 His
1463 2942 1561 3020 igitur

478 3063 575 3122 victus
603 3062 771 3121 rationibus
797 3062 922 3120 tandem
951 3065 984 3123 iu
1012 3065 1112 3124 lucem
1142 3061 1296 3140 publicam
1320 3062 1465 3120 emittere
1486 3077 1559 3119 eon-

477 3179 564 3240 stitui
587 3196 676 3255 quam
699 3176 751 3236 din
771 3178 803 3237 in
825 3179 945 3240 scriniis
968 3182 1155 3241 retinueram
1181 3180 1480 3242 commentationem.
1524 3177 1559 3239 ln

478 3290 544 3374 qua'
570 3296 732 3357 scribenda
765 3301 944 3362 servandam
980 3299 1120 3361 duximus
1150 3305 1286 3362 retorem
1319 3306 1456 3360 nostram
1484 3318 1559 3359 eon-

478 3415 690 3490 suetudinem,
724 3418 810 3481 euius
836 3440 894 3483 noa
920 3438 1075 3499 nunquam
1097 3421 1266 3501 poenituit,
1297 3423 1335 3517 pt
1357 3436 1559 3496 sequeremur

477 3555 567 3614 quam
600 3537 758 3597 maximam
792 3542 943 3603 sermonis
979 3562 1015 3602 ae
1046 3541 1266 3603 sententiarum
1295 3539 1556 3618 perspicrdtatem,

476 3673 578 3733 neque
589 3656 754 3718 afferendis
774 3661 939 3724 subtilibus
958 3664 1152 3737 commentis,
1175 3661 1231 3723 sed
1252 3661 1291 3722 iis
1312 3661 1350 3720 ab
1371 3661 1438 3737 ipsa
1452 3678 1556 3720 rerum

475 3775 605 3837 recitate
633 3776 755 3853 alienis,
788 3781 902 3860 ingenii
931 3784 981 3844 vel
1010 3782 1169 3842 doctrinae
1197 3781 1319 3840 laudem
1353 3785 1556 3857 captaremus.

475 3894 618 3958 Grassari
639 3916 714 3960 sane
733 3897 794 3959 boe
815 3901 926 3963 malum
950 3907 1056 3963 nostra
1080 3906 1183 3963 aetate
1200 3902 1303 3980 coepit
1319 3899 1555 3975 incredibiliter,

474 4015 507 4078 id
530 4018 612 4096 quod
638 4019 697 4097 ipsi
726 4018 818 4080 facile
844 4024 1114 4085 animadvertimus
1141 4023 1173 4082 in
1200 4022 1338 4101 legendis
1360 4023 1398 4081 iis
1420 4019 1553 4097 seriptis,

474 4156 554 4215 quae
582 4156 681 4218 nuper
708 4140 747 4199 de
770 4120 955 4203 Parmenide
976 4144 1136 4205 Platonico
1159 4141 1241 4200 edita
1262 4145 1342 4203 snut.
1385 4141 1419 4200 ln
1442 4138 1553 4216 quibus

471 4255 614 4333 proiecto
643 4275 864 4338 saepenumero
899 4263 1050 4343 ambigas,
1089 4259 1227 4340 magisne
1261 4259 1381 4319 mireris
1415 4257 1552 4335 tingendi

472 4377 782 4456 comminiscendique
807 4380 1029 4459 impudentiam
1057 4401 1095 4441 au
1117 4381 1215 4441 Latini
1238 4383 1270 4438 et
1291 4378 1464 4459 Germanici
1486 4397 1552 4438 ser-

470 4494 569 4555 monis
590 4501 784 4575 spurcitiem,
808 4521 886 4580 quae
907 4501 988 4581 apud
1004 4501 1153 4580 quosdam
1172 4502 1257 4560 tanta
1272 4502 1336 4571 est,
1359 4505 1394 4559 ut
1406 4517 1446 4558 ne
1459 4517 1549 4558 unam

438 4692 443 4699 ι
469 4607 592 4686 quidem
614 4619 795 4681 sententiam
817 4623 972 4702 reperias,
999 4631 1080 4700 'qnae
1101 4637 1164 4682 non
1184 4619 1370 4698 turpissimis
1392 4621 1547 4698 inquinata
