3775 5442
490 639 555 703 etl
677 706 682 715 ,
804 637 891 696 biber
911 639 1063 698 mundus.
1106 636 1206 697 Sectio
1228 632 1266 698 lla

491 813 629 892 ideoque
657 809 807 891 plurimes
833 809 1081 890 praedicationes
1102 815 1142 870 et
1162 808 1245 871 luter
1266 826 1302 871 ee
1323 809 1461 872 diverses
1483 817 1578 890 etque

494 915 654 996 oppositas
685 912 793 993 ethnc
815 914 996 988 edmittunt,
1019 930 1096 993 ques
1118 930 1206 975 mens
1232 919 1340 975 nostra
1367 913 1475 993 utique
1505 932 1577 993 per-

494 1019 583 1100 sequl
604 1025 638 1078 ct
658 1017 764 1079 dmeri
785 1023 900 1096 potest.
922 1036 951 1077 r.
974 1016 1053 1076 'l'im-
1076 1035 1107 1095 p.
1129 1016 1181 1076 et.
1196 1017 1232 1078 A.
1245 1016 1280 1078 Β.
1293 1017 1328 1078 0.
1385 1016 1454 1078 Hoc
1474 1016 1577 1095 ipsum

493 1141 569 1185 rero
597 1123 631 1183 ln
654 1118 839 1181 Permeulde
872 1094 998 1199 dialogo
1025 1120 1071 1180 ita
1107 1118 1361 1194 demonstratur,
1406 1125 1449 1203 rm
1468 1119 1578 1180 eedem

495 1244 591 1307 opere
611 1225 711 1286 omnis
733 1239 839 1284 earum
860 1223 908 1285 ris
929 1232 962 1284 et
984 1229 1093 1283 natura
1113 1221 1279 1301 aperietur.
1305 1222 1454 1283 erebile
1473 1229 1578 1283 ιιιιιι

497 1329 590 1392 allcul
611 1327 745 1401 cecidet,
773 1325 857 1406 quod
885 1327 919 1390 iu
942 1326 1004 1386 hoc
1024 1326 1106 1386 libro
1127 1325 1207 1386 ideis
1229 1324 1408 1386 tribuuntur
1429 1343 1475 1400 ce,
1499 1345 1578 1406 quse

494 1433 598 1514 spatii,
617 1428 815 1504 ertnslonis,
837 1427 1121 1509 temporishabent
1138 1427 1403 1507 significationem,
1423 1429 1578 1509 slquldem

496 1537 587 1598 entes
598 1533 731 1596 vidimus
747 1531 827 1593 tales
847 1532 991 1595 notiones
1011 1531 1050 1593 ab
1070 1531 1110 1593 lis
1127 1531 1249 1611 penitus
1263 1532 1411 1594 arcendos
1424 1541 1458 1593 ιι
1468 1536 1579 1614 procul

494 1637 654 1701 bebeudee
675 1653 755 1699 esse.
805 1636 848 1696 lit
873 1653 949 1696 sane
975 1635 1008 1696 ld
1041 1636 1079 1695 nb
1102 1636 1200 1714 ipsius
1222 1634 1360 1696 Platonis
1380 1637 1503 1698 ratione
1523 1638 1578 1696 ab·

494 1742 651 1816 horreret,
673 1739 701 1801 sl
724 1737 852 1819 propria
874 1742 958 1799 essct
978 1737 1226 1820 intelligendum.
1262 1738 1368 1816 'Quod
1389 1746 1493 1801 temen
1515 1757 1579 1801 noe

494 1847 540 1908 ite
561 1851 619 1907 est.
659 1843 735 1904 Nem
758 1859 834 1902 usus
855 1846 906 1902 est
925 1841 1131 1922 philosophus
1154 1841 1307 1904 eiusmodi
1328 1842 1485 1903 vocsbulls
1505 1828 1578 1922 per-

493 1949 579 2023 inde,
600 1952 637 2008 ut
657 1947 757 2007 nostri
777 1943 959 2024 philosophi
974 1945 1006 2004 in
1021 1943 1205 2004 deliniendis
1222 1943 1384 2006 notionum
1405 1946 1577 2008 retionlbue

495 2050 646 2112 adhibent
667 2049 773 2117 verba,
788 2061 890 2126 ‘'quee,
907 2047 935 2108 si
955 2047 1084 2127 proprle
1104 2046 1340 2128 intelliguntur,
1362 2037 1577 2110 tentummodd

496 2152 589 2233 spetli
611 2171 647 2212 ec
668 2148 816 2230 temporis
839 2149 976 2212 retioncs
999 2150 1189 2212 describunt.
1234 2152 1324 2228 Quod
1348 2160 1465 2213 tentum
1487 2153 1578 2214 abest

495 2265 531 2318 ut
551 2254 676 2317 Platoni
701 2253 776 2314 sitio
805 2253 988 2331 uertendum
1009 2254 1068 2330 sit,
1099 2262 1135 2315 ut
1156 2261 1294 2333 paratum
1316 2254 1430 2316 hebeat
1450 2272 1577 2316 exusse-

494 2359 612 2420 tiouem
634 2356 762 2432 exinde,
805 2356 890 2437 quod
912 2356 1037 2417 omnino
1059 2356 1215 2418 derebus
1238 2359 1316 2420 caleo
1339 2357 1525 2420 sublimibus
1545 2367 1579 2418 et

493 2479 618 2524 omnem
645 2477 791 2524 ιιιιιιιιι
818 2459 1050 2540 perceptionem
1082 2459 1274 2540 fugientibus
1311 2461 1440 2544 proprie
1472 2461 1579 2522 dlcere

495 2563 730 2644 beudquequsm
751 2563 834 2625 licet
899 2563 1009 2642 Neque
1030 2561 1235 2644 philosophus
1262 2581 1324 2626 non
1346 2563 1498 2626 intellcslt
1518 2563 1578 2624 hu-

409 2710 416 2717 -v
493 2685 604 2729 muse
630 2668 742 2734 meritis
763 2667 827 2728 boc
855 2666 889 2728 in
911 2683 1027 2746 genere
1047 2666 1292 2729 imbecillitatem
1315 2672 1408 2747 atquc
1428 2667 1578 2747 loquendi

413 2752 414 2755 Ἴ
500 2790 575 2834 usus
604 2772 848 2851 perversitatem.
909 2769 1002 2850 Quod
1029 2769 1111 2832 euim
1136 2789 1189 2846 ee,
1217 2789 1295 2851 quae
1322 2770 1362 2831 ab
1390 2770 1578 2850 experientia

497 2874 661 2949 ducuntur,
684 2874 777 2935 etiam
799 2874 912 2935 adres
934 2872 1051 2934 cirues
1072 2872 1237 2936 treasierrl
1254 2875 1372 2949 solent,
1394 2872 1429 2934 ld
1452 2873 1578 2936 disertis

495 2977 600 3038 verbis
621 2977 823 3050 reprehendit
843 2976 876 3037 in
897 2974 1025 3038 Timeeo
1046 2976 1257 3057 p.ll'l.ldsqe1.
1282 2977 1334 3038 ubi
1356 2976 1417 3039 etsi
1438 2978 1479 3038 dc
1500 2983 1578 3039 tem-

495 3080 584 3164 poris
605 3085 724 3138 tantum
747 3079 918 3140 retionlbns
940 3096 1044 3140 sermo
1065 3083 1129 3155 est,
1150 3085 1255 3141 ιιιιιιιι
1276 3097 1339 3141 noa
1360 3085 1466 3160 potest
1486 3080 1577 3142 dubl-

496 3183 572 3254 tari,
601 3181 675 3258 quin
701 3180 785 3241 ldem
813 3182 959 3243 statuerit
987 3183 1027 3243 de
1049 3182 1117 3244 ellls
1138 3182 1171 3244 id
1194 3198 1292 3262 genas
1313 3178 1577 3244 attributionlbus.

498 3285 650 3362 Quocirca
672 3283 838 3344 tenendum
862 3285 951 3345 noble
974 3284 1034 3345 buc
1056 3293 1114 3359 est,
1137 3285 1298 3347 Pletouem
1319 3273 1362 3347 lu
1375 3285 1428 3346 hle
1439 3284 1480 3346 de
1496 3286 1578 3348 ideis

498 3386 688 3466 disputasse,
717 3393 752 3448 ut
780 3404 857 3465 ques
879 3387 926 3448 cis
947 3388 1118 3448 vindicavit
1133 3389 1371 3464 attributloaes,
1397 3407 1452 3450 eas
1475 3389 1578 3451 verbis

495 3489 677 3571 inpropriis,
700 3508 762 3551 nou
784 3490 929 3569 propriis,
952 3491 1187 3573 significaverit,
1210 3492 1353 3573 quonism
1377 3495 1504 3574 proprie
1524 3512 1577 3555 vo·

497 3594 607 3655 eubule
627 3612 689 3654 non
711 3600 923 3672 suppeterent.

583 3697 626 3757 let
653 3697 731 3757 hecc
757 3695 883 3775 quidem
912 3696 952 3756 de
978 3695 1058 3759 ideis
1081 3698 1112 3757 ln
1143 3699 1328 3761 uuiversum.
1373 3694 1522 3779 Sequitur
1543 3707 1578 3761 ut

496 3798 660 3860 videndum
689 3798 747 3873 sit,
781 3799 892 3877 ecquid
921 3799 995 3862 luda
1022 3801 1100 3862 lucis
1126 3800 1158 3860 in
1186 3800 1403 3863 Parmeniden
1435 3811 1577 3866 ιοιιιιιιι

497 3903 663 3978 redundet,
685 3901 725 3962 ed
748 3919 839 3979 quem
861 3903 921 3963 lam
945 3921 1041 3985 prope
1068 3904 1157 3965 insili
1182 3904 1300 3965 reversi
1329 3921 1445 3968 sumus.
1501 3908 1577 3967 itera

496 4005 557 4065 etsi
579 4006 701 4087 singule
721 4007 754 4067 iu
775 4009 989 4087 superioribus
1010 4007 1151 4068 videmur
1171 4009 1247 4069 satis
1267 4007 1452 4082 illustreese,
1474 4010 1579 4070 tamen

497 4108 673 4168 etlemnunc
696 4115 832 4185 rotent,
860 4129 938 4191 qnae
968 4109 1233 4189 interpretationis
1260 4111 1361 4172 luceru
1389 4112 1578 4174 desiderent

496 4210 606 4273 Paucis
634 4217 737 4273 lemen
765 4213 873 4276 lieeblt
901 4220 998 4275 totum
1028 4213 1107 4274 hanc
1133 4232 1201 4273 rem
1229 4216 1402 4292 ebsolvere
1424 4217 1579 4296 siquidem

495 4315 710 4376 tantummodo
740 4315 781 4376 de
807 4316 1053 4396 generalioribus
1081 4317 1261 4378 notionibus
1289 4319 1450 4381 universae
1472 4319 1580 4401 dispu-

494 4415 607 4479 tationi
627 4417 775 4480 subieetle
796 4416 914 4496 eliquld
937 4436 1134 4481 commonere
1155 4420 1382 4484 constituimus.
1418 4422 1506 4502 Quae
1527 4440 1580 4484 res

497 4520 557 4580 etsi
585 4526 618 4582 et
646 4520 714 4600 ipse
739 4520 802 4582 lem
828 4520 860 4582 ia
894 4522 1107 4601 superioribus
1135 4527 1266 4586 tractate
1297 4531 1362 4603 est,
1397 4531 1500 4591 temen
1527 4523 1580 4587 hlc

338 4610 461 4816 x
496 4609 623 4697 quddem'
643 4623 761 4702 polerit
782 4623 949 4686 dilucidius
970 4625 1031 4687 iem
1054 4627 1174 4707 exponi.
1249 4650 1288 4679 a„
