3775 5442
476 664 540 729 148
799 661 886 722 biber
907 663 1028 740 primus.
1070 662 1171 723 Sentio
1192 663 1226 722 V.

474 815 580 900 umeri
600 836 629 899 al
649 852 826 940 gamanam
847 839 979 917 speeies.
994 853 1111 897 eorum.
1123 835 1185 897 ιιιιι
1207 841 1240 898 et
1256 841 1408 913 naturam,
1430 840 1470 900 ab
1494 839 1563 918 ipso

474 958 538 1004 uno
564 943 717 1020 perpetuo
734 940 869 1002 ‘diversa
894 940 1022 998 manent
1050 944 1236 1017 propterea,
1275 941 1359 1020 quod
1387 959 1450 1002 uon
1477 941 1564 1021 ipsae

474 1049 549 1108 aunt
569 1043 672 1125 luteae,
695 1048 728 1103 et
750 1040 829 1103 abuti
849 1040 910 1102 nisl
931 1041 971 1102 all
994 1059 1099 1101 earum
1130 1040 1365 1103 similitudinem
1387 1051 1459 1104 sunt
1480 1064 1564 1105 oom-

474 1154 616 1231 parataee
644 1147 684 1206 tie
707 1163 766 1224 qua
787 1161 823 1204 re
843 1142 927 1205 inira
949 1164 978 1222 p.
992 1142 1063 1205 let.
1078 1142 1113 1205 (i.
1126 1179 1168 1191 -
1181 1145 1303 1209 loun.
1326 1146 1491 1226 perspicue
1511 1165 1564 1208 ex-

474 1250 649 1336 plicabitur.
699 1246 851 1325 Quocirea
880 1248 913 1307 in
934 1246 994 1308 bae
1014 1246 1262 1309 conclusiuncula
1284 1249 1397 1310 lusisse
1418 1257 1563 1330 putamus

473 1351 713 1438 philosophum,
736 1348 789 1429 qul
811 1348 885 1410 olum
908 1367 943 1413 se
964 1351 999 1411 iu
1020 1368 1113 1431 agere
1134 1350 1275 1426 simulat,
1297 1357 1333 1412 ιιι
1352 1353 1476 1415 omnino
1491 1373 1564 1434 per-

473 1458 590 1521 tecum
611 1455 774 1533 utriusque
795 1457 924 1514 naturae
949 1453 1192 1515 convenientiam
1214 1454 1317 1515 locum
1338 1456 1457 1519 babere
1478 1459 1563 1519 evin-

473 1567 579 1637 eatur,
612 1558 691 1620 illuri
718 1559 824 1638 potius
851 1554 1009 1632 effecerit,
1048 1562 1084 1619 ιιι
1112 1575 1181 1618 eam
1210 1575 1271 1617 non
1300 1558 1333 1618 in
1354 1562 1421 1623 τῶν
1443 1562 1563 1643 ἑτέρων

373 1702 381 1717 ·
443 1677 456 1705 ⁸
474 1665 562 1745 quasi
582 1662 727 1738 materia,
738 1658 807 1723 aad
827 1659 861 1721 iu
882 1679 944 1723 una
960 1660 1080 1723 iormae
1097 1667 1130 1722 et
1143 1660 1333 1725 eondielonis
1345 1664 1416 1743 lege
1429 1664 1562 1744 positam

378 1823 382 1831 .
474 1786 547 1831 esse
567 1770 723 1848 appareat.¹
768 1763 864 1825 certa
886 1763 1012 1841 quidem
1034 1763 1142 1839 nobis,
1173 1766 1311 1843 quamvis
1332 1765 1411 1828 liaeo
1432 1766 1562 1847 diiigen-

472 1871 594 1934 tissima
615 1868 823 1932 eura‘iterum
844 1867 1021 1943 iterumque
1040 1866 1333 1946 examinaverimus,
1355 1869 1563 1950 uon-contigit

472 1974 645 2037 faciliorem
667 1976 700 2030 et
721 1968 967 2050 probabiliorem
988 1967 1129 2028 invenire
1150 1969 1212 2030 loei
1233 1969 1534 2051 interpretationem.

558 2073 623 2136 Seri
654 2090 728 2152 age,
764 2073 814 2136 bis
842 2070 1004 2151 explicetis
1033 2071 1131 2132 totius
1161 2075 1438 2153 argumentationis
1466 2075 1562 2136 veluti

452 2184 587 2262 puncta
607 2179 638 2237 iu
661 2193 755 2236 uuum
769 2174 969 2254 colligamus,
991 2194 1053 2254 quo
1066 2175 1189 2237 iacilius
1207 2176 1331 2237 tandem
1344 2177 1561 2257 perspiciatur,

474 2283 549 2365 quiri
570 2283 628 2357 sit,
651 2277 736 2360 quoti
757 2278 819 2339 boo
839 2278 909 2339 loeo
931 2296 995 2339 uon
1017 2268 1085 2339 sle
1106 2278 1254 2359 singulari
1283 2279 1417 2360 quodam
1445 2280 1563 2360 ingenii

473 2383 613 2449 acumine
634 2382 878 2444 demonstratum
901 2399 972 2443 esse
993 2388 1147 2462 putemus.
1191 2384 1271 2445 Sunt
1291 2383 1388 2464 igitur
1408 2384 1502 2445 baeer

499 2594 502 2599 .
536 2541 641 2604 Unum
661 2537 788 2601 tibimet
808 2534 870 2619 lpsl
891 2542 941 2598 est
963 2525 1106 2612 τιὲύτόν,
1140 2544 1291 2619 quatenus
1313 2538 1344 2600 ei
1365 2538 1508 2599 absolute
1530 2542 1563 2600 et

600 2661 660 2725 per
687 2658 722 2701 se
751 2644 891 2719 spectato
914 2643 1045 2702 naturae
1066 2659 1146 2731 snae·
1161 2643 1304 2725 perlecta
1325 2642 1493 2707 tribuenda
1512 2649 1563 2705 est

602 2744 814 2827 congruentia.

520 2846 638 2948 vUnum
661 2903 680 2945 a
701 2899 737 2944 se
758 2881 828 2963 ipso
850 2882 973 2960 differt,
995 2883 1102 2945 babila
1122 2883 1244 2948 ratione
1260 2885 1391 2966 duplicis
1412 2869 1561 2951 illim're-

600 2987 742 3059 lationis,
765 3004 826 3065 qua
847 2988 1023 3066 praeditum
1046 2990 1104 3051 est.

535 3125 638 3186 Unum
660 3123 699 3183 ab
722 3121 778 3196 ila,
801 3142 881 3200 quae
903 3129 989 3184 extra
1000 3124 1101 3203 ipsum
1116 3129 1205 3199 sunt,
1228 3125 1344 3203 dliiert,
1362 3128 1389 3190 si
1404 3133 1560 3191 utrorum-

600 3244 661 3304 que
682 3242 830 3305 germane
850 3225 897 3289 ris
920 3233 953 3288 et
973 3235 1084 3288 natura
1105 3227 1136 3287 in
1159 3245 1194 3289 se
1215 3236 1384 3309 spectatur.

538 3360 640 3424 Unum
667 3368 740 3436 τοῖς
767 3353 884 3438 ἄλλοις
916 3370 965 3428 est
986 3359 1129 3438 ταύτόν,
1164 3367 1452 3448 promerebatur,
1480 3392 1560 3453 quae

599 3465 693 3527 etiam
739 3485 905 3546 corporum
943 3469 1094 3532 materiae
1126 3477 1243 3532 certam
1284 3473 1377 3535 aliert
1414 3474 1559 3554 turmam,

599 3568 717 3648 legem,
743 3569 974 3648 condicionem,
997 3572 1072 3654 ipsis
1094 3572 1175 3637 ideis
1197 3575 1273 3637 item
1294 3577 1462 3657 propriam.

556 3720 654 3784 Vides
682 3722 779 3801 igitur
805 3722 883 3785 haee
910 3726 1013 3787 omnia
1042 3745 1132 3806 quam
1160 3736 1233 3810 apte
1260 3738 1293 3793 et
1322 3733 1471 3794 concinne
1498 3734 1558 3796 sibi

470 3819 601 3885 invicem
628 3824 712 3886 iuter
738 3826 806 3907 ipsa
831 3828 1051 3908 respondeant.
1107 3830 1184 3892 Nem
1217 3852 1311 3894 ιιιιιιιιι
1345 3836 1469 3896 sibimet
1496 3836 1558 3916 ipsi

469 3926 626 3989 iudicatur
648 3946 720 3990 esse
741 3925 868 3993 ταύτόν
879 3931 986 3993 liabita
1004 3934 1198 4013 potissimum
1209 3935 1331 3996 ratione
1344 3935 1409 3997 eius
1421 3938 1557 4014 virtutis,

470 4051 531 4112 qua
552 4034 584 4090 in
605 4049 639 4091 se
662 4032 731 4111 ipso
753 4036 898 4116 perfecte
919 4038 968 4096 est
990 4037 1152 4113 aequabile
1176 4042 1270 4116 atqno
1290 4045 1433 4101 onustans
1456 4059 1558 4121 nequo
1614 4060 1618 4067 ’

469 4136 534 4198 uilo
560 4135 655 4196 modo
682 4138 799 4215 pendet
829 4139 1039 4212 extrinsecum
1073 4147 1180 4202 eontra
1207 4160 1224 4200 a
1252 4159 1288 4204 se
1307 4141 1376 4221 ipso
1399 4141 1557 4208 diversum

469 4257 539 4302 esse
560 4238 723 4315 statuitur,
761 4248 912 4321 quatenus
942 4243 972 4302 ei
999 4244 1066 4303 tum
1088 4263 1192 4306 seeum
1213 4245 1282 4325 ipso
1303 4249 1369 4304 tum
1392 4262 1462 4305 enm
1484 4253 1557 4321 τοῖς

469 4332 586 4416 ἄλλοις
607 4344 756 4405 tribuitur
777 4345 940 4424 multiplex
955 4345 1128 4408 eoniunotlo
1142 4357 1234 4429 atque
1245 4348 1454 4412 necessitudo.
1492 4349 1557 4412 Sed

468 4441 590 4508 lovem
611 4447 693 4509 ratio
716 4445 902 4526 emergitur
924 4449 1155 4528 comparatione
1181 4452 1243 4515 τοῦ
1270 4444 1343 4525 ἑνός
1374 4459 1468 4534 atque
1489 4455 1557 4515 τῶν

467 4535 587 4609 ἄλλων.
631 4549 709 4611 Νιιιι
731 4570 800 4611 cum
821 4548 872 4611 bia
895 4552 1021 4630 quidem
1043 4557 1185 4634 congruit
1205 4560 1337 4639 propter
1353 4552 1472 4618 οὐσίαν
1489 4555 1556 4615 sire

466 4644 603 4726 tornare,
630 4652 821 4716 eondtoionts
848 4657 1099 4735 atqueratlonis
1120 4657 1242 4740 legem,
1275 4677 1367 4741 quam
1389 4661 1481 4724 etiam
1503 4675 1556 4722 res
