3775 5442
428 620 491 685 142
758 617 843 675 Liber
865 617 984 692 primur.
1026 615 1126 676 Seeoio
1148 618 1182 676 V.

426 815 456 874 p.
472 790 544 854 247.
559 791 596 851 Ε.
618 794 651 849 et
672 787 762 861 248,
786 786 840 849 ubi
862 783 959 850 οὐσία
981 787 1213 852 demonstratur
1234 787 1266 848 in
1287 804 1326 848 eo
1349 788 1452 861 cerni,
1475 796 1511 850 ut

426 898 468 961 sit
489 897 621 958 focum
643 891 793 971 quaedem
815 896 882 951 tum
905 888 1076 969 recipiendi
1096 895 1163 950 tum
1176 889 1340 957 officiendi.
1385 892 1511 953 Certius

425 1005 532 1061 tomen
559 995 643 1057 idem
672 994 894 1074 intelligemur
921 994 961 1054 iis
992 993 1086 1067 iocis,
1121 993 1175 1056 ubi
1202 993 1292 1055 idere
1313 995 1458 1057 dicuntur
1479 998 1511 1056 in

425 1102 521 1164 rebus
543 1099 619 1180 ipsis
641 1117 807 1179 expressos
828 1105 952 1172 extero,
974 1098 1019 1158 ite
1041 1103 1094 1174 ut,
1116 1115 1210 1184 quum
1234 1099 1392 1177 quoslibet
1405 1119 1510 1161 eorum

424 1225 484 1288 per
504 1224 540 1267 oe
560 1222 621 1263 uno
642 1203 684 1264 sit
705 1209 798 1282 etque
818 1202 965 1281 simplex,
987 1207 1091 1262 tomen
1111 1195 1221 1262 πολλά
1234 1202 1375 1284 adeoque
1390 1195 1514 1288 ότιαρα,

426 1308 552 1381 ovodct;
581 1307 622 1367 de
644 1324 704 1384 quo
727 1313 909 1384 argomento
933 1323 1027 1383 quum
1047 1307 1080 1367 in
1093 1303 1225 1366 Philebo
1247 1311 1340 1386 cique
1362 1306 1437 1368 olibi
1458 1325 1511 1367 oo-

378 1425 381 1431 ’
424 1414 514 1496 piose
542 1411 737 1492 disputourr,
768 1415 834 1468 tum
865 1409 1001 1469 breviter
1022 1415 1166 1469 monetur
1195 1408 1279 1472 Libr.
1298 1410 1335 1473 V.
1365 1410 1511 1491 lieipnbi.

425 1542 456 1601 p.
470 1518 593 1580 dnum
615 1513 671 1574 ubi
692 1512 770 1574 luceo
790 1518 878 1575 sunt=
906 1513 963 1575 καὶ
986 1512 1060 1596 περὶ
1083 1510 1215 1576 δικαίου
1237 1514 1293 1576 καὶ
1313 1510 1434 1576 ἀδίκου
1453 1516 1510 1576 καὶ

425 1620 568 1705 ἀγαθοῦ
590 1617 648 1681 καὶ
679 1617 785 1678 κακοῦ
813 1615 869 1678 καὶ
897 1609 1035 1680 πάντων
1061 1617 1129 1680 τῶν
1157 1613 1250 1680 εἰδῶν
1271 1619 1346 1699 πέρι
1366 1611 1386 1678 ὁ
1408 1608 1511 1688 αὐτὸς

425 1718 542 1806 λόγος,
565 1711 648 1782 αὐτὸ
670 1717 731 1801 μὲν
752 1717 793 1782 ἓν
814 1721 956 1781 ἕκαστον
979 1713 1078 1791 εἶναι,
1100 1721 1140 1807 τῇ
1162 1717 1197 1781 δὲ
1219 1722 1300 1782 τῶν
1321 1710 1511 1801 πράξεων

425 1828 498 1890 καὶ
535 1816 733 1905 σωμάτων
769 1822 842 1883 καὶ
880 1816 1077 1898 ἀλλήλων
1106 1823 1304 1902 κοινωνίᾳ
1336 1824 1511 1903 πανταχοῦ

426 1923 666 2016 φανταζόμενα
698 1917 807 1984 πολλὰ
843 1923 1035 2008 φαίνεσθαι
1067 1927 1215 1985 ἕκαστον.
1271 1924 1335 1986 Sed
1367 1926 1512 1986 uolumus

424 2032 548 2110 longius
569 2031 601 2090 in
622 2028 706 2089 hunc
726 2046 867 2107 campum
889 2026 1071 2107 exspatiari:
1099 2026 1239 2088 sufficiet
1259 2028 1402 2107 sequenti
1418 2045 1511 2106 quoe·

425 2134 522 2214 stioni
551 2153 587 2194 co
613 2129 828 2214 praemisisse,
872 2148 952 2210 quoe
987 2130 1028 2190 nd
1062 2148 1130 2191 eom
1165 2139 1250 2192 recte
1278 2129 1510 2210 intelligendum

424 2238 577 2318 pleneque
608 2235 839 2316 percipiendam
872 2234 1047 2295 necessario
1082 2234 1262 2308 videantur3
1303 2235 1511 2314 copiosiorem

424 2347 528 2402 sutem
549 2339 642 2403 huius
664 2338 726 2400 ioci
747 2338 964 2400 troctntionem
986 2338 1027 2398 od
1045 2356 1112 2398 eom
1130 2339 1260 2400 reiicern
1272 2341 1374 2418 plooct
1386 2342 1511 2398 nostroe

425 2444 645 2524 disputetionis
667 2450 804 2523 partun,
835 2462 894 2521 qno
917 2443 957 2504 de
978 2447 1160 2521 argumento
1183 2453 1215 2503 et
1237 2443 1365 2504 consiiio
1386 2441 1511 2502 Perme-

423 2549 506 2609 nidis
527 2546 644 2628 dialogi
665 2547 698 2608 in
719 2549 895 2610 universum
917 2565 1011 2628 ogere
1038 2546 1264 2608 constituimus.
1313 2545 1512 2606 Revertimur

422 2650 521 2732 Igitur
540 2669 623 2712 nuno
643 2650 682 2712 od
711 2651 762 2728 id,
793 2653 877 2732 quod
898 2653 988 2722 nobis
1011 2651 1163 2733 egendum
1184 2649 1422 2729 proposuimus,
1450 2647 1512 2709 hoo

423 2761 474 2816 est
493 2755 535 2815 od
554 2753 1068 2833 interpretondsmsubtilissimom
1084 2753 1277 2817 Parmenidis
1293 2751 1333 2812 dc
1346 2771 1408 2813 uno
1421 2751 1511 2812 finito

425 2858 556 2937 eiusque
577 2876 647 2918 cum
670 2865 743 2931 τοῖς
764 2850 883 2932 ἄλλοις
905 2860 1122 2933 coniunctione
1143 2856 1392 2936 disputetionem.
1499 2908 1504 2919 .

508 2961 616 3042 Pergit
636 2962 734 3043 igitur
755 2952 882 3023 Eleoies
903 2969 1082 3042 susceptum
1098 2978 1273 3026 sermonem
1288 2958 1332 3019 ito
1345 2958 1510 3047 ‹supiicore⁹

424 3073 460 3127 ut
486 3074 558 3127 onte
587 3066 690 3127 omnio
719 3064 848 3138 dooeot,
875 3082 970 3124 unum
1001 3073 1033 3125 et
1060 3064 1210 3143 sibiipsi
1238 3069 1270 3124 et
1291 3069 1363 3135 τοῖς
1395 3053 1510 3134 ἄλλοις

423 3187 496 3232 esso
517 3161 661 3240 ταύτόν,
684 3173 717 3227 et
737 3172 841 3225 tomen
863 3184 881 3223 o
902 3173 1002 3226 semet
1024 3169 1094 3248 ipso
1115 3173 1210 3246 etque
1232 3174 1303 3239 τοῖς
1325 3158 1440 3238 ἄλλοις
1462 3165 1511 3226 di-

421 3289 546 3330 versum
567 3267 695 3339 essm.
738 3268 807 3344 Quo
829 3268 954 3346 quidem
975 3273 1046 3333 ioco
1068 3272 1235 3332 tenendum
1263 3273 1312 3333 esi
1333 3268 1510 3350 diligenter,

421 3372 585 3434 Plutonem
614 3362 653 3432 τό
683 3364 810 3432 ταύτόν
836 3373 938 3451 probe
960 3373 1139 3436 distinxisse
1161 3376 1200 3436 ob
1221 3376 1289 3454 ipso
1311 3374 1446 3447 unitate,
1471 3378 1512 3433 isc

422 3475 518 3537 rebus
539 3475 587 3535 vel
610 3474 689 3536 ideis
711 3481 838 3538 eotenus
852 3476 931 3537 illud
944 3477 1108 3552 tribuisse,
1131 3486 1282 3558 quatenus
1296 3478 1418 3550 iisdem,
1442 3479 1510 3555 qui-

422 3579 482 3641 bus
503 3578 587 3639 oiiud
610 3578 701 3656 quid,
724 3580 807 3640 notis
828 3585 922 3658 eique
936 3581 1031 3663 signis
1045 3589 1153 3645 essent
1166 3583 1349 3662 conspicuae
1366 3579 1510 3642 condem-

423 3700 483 3762 qne
504 3682 755 3743 nanciscerentur
776 3683 913 3744 indolem
936 3693 1030 3764 etque
1050 3695 1203 3749 notnrom.
1248 3684 1400 3765 Quocirca
1421 3689 1510 3743 recto

423 3785 454 3844 ei
474 3785 621 3864 opposuit
641 3777 681 3847 τό
705 3790 832 3867 ἕτερον,
863 3787 925 3848 hoc
947 3794 997 3850 est
1018 3789 1242 3864 differentium,
1270 3807 1349 3868 quoe
1370 3784 1510 3849 cernitur

423 3886 456 3946 in
477 3891 605 3947 notum
627 3889 715 3967 qnasi
738 3889 947 3971 discrepantius
969 3893 1116 3972 quodam,
1139 3913 1199 3972 qno
1219 3893 1271 3966 fit,
1294 3897 1330 3952 ut
1347 3889 1423 3968 quid
1437 3906 1509 3966 pcr-

422 3987 506 4049 tibus
528 3989 593 4049 suis
614 4009 652 4052 sc
678 3991 845 4057 virtutibus
875 3996 924 4055 vei
955 4014 973 4053 o
1001 4014 1039 4055 se
1057 3997 1126 4081 ipso
1148 3998 1196 4056 vei
1217 3997 1256 4056 cb
1278 3997 1339 4056 olio
1362 3992 1508 4072 quopiom

422 4091 580 4154 divorsum
602 4094 652 4155 sit.
696 4094 778 4157 Vide
790 4097 843 4172 sis,
867 4118 947 4177 quoe
967 4099 1174 4179 philosophus
1195 4100 1264 4179 ipse
1285 4099 1326 4158 de
1341 4096 1391 4158 hio
1406 4095 1509 4169 notio-

422 4196 513 4261 nibus
528 4199 671 4276 exposuit
681 4218 776 4279 snpro
789 4221 819 4282 p.
828 4204 898 4263 18⁰.
908 4205 942 4263 B.
951 4202 984 4264 0.
994 4203 1029 4264 Ι).
1038 4212 1070 4263 ct
1081 4204 1113 4264 in
1121 4203 1267 4284 Sophiste
1278 4223 1308 4283 p.
1316 4201 1388 4264 258.
1395 4202 1430 4262 D.
1439 4221 1508 4281 sqq.

423 4301 542 4380 Quibus
581 4301 623 4362 ito
649 4304 817 4382 exploratis
845 4326 907 4368 non
934 4309 996 4368 erit
1023 4307 1154 4368 difficile
1180 4307 1383 4385 interpretari
1416 4304 1507 4374 iiind,

423 4406 507 4482 quod
530 4406 663 4486 primum
683 4408 829 4484 docetur,
854 4402 892 4471 τὸ
910 4414 945 4473 ἓν
967 4417 1031 4470 tum
1054 4405 1140 4473 sivos
1159 4403 1284 4470 ταύτὸν
1303 4409 1420 4489 ἑαυτῷ,
1441 4413 1508 4468 tum

490 4624 518 4686 *)
536 4623 566 4675 P.
584 4624 650 4676 146.
667 4627 698 4728 ΙΑ.
