3775 5442
661 623 747 683 Liber
767 626 886 701 primur.
930 625 1031 687 Sectio
1053 626 1086 686 V.
1356 630 1419 695 tlt

327 813 347 853 a
378 800 478 854 acmet
505 794 573 874 ipao
601 795 741 858 dillerre.
791 796 929 860 Primum
967 800 1048 861 enim
1086 798 1278 875 ostenditur,
1313 819 1418 875 unum,

327 895 446 975 quippe
468 898 551 976 quod
580 916 638 959 nec
664 918 682 959 a
711 919 747 961 oe
773 900 842 980 ipao
869 901 1000 964 differre
1028 903 1093 964 ullo
1121 902 1217 964 modo
1238 903 1340 982 poenit
1361 922 1418 966 nec

327 999 378 1060 aui
405 999 504 1078 ipsioa
532 1009 653 1079 partem
679 1006 730 1073 ¹ael
751 1011 852 1066 totum
877 1007 1023 1081 efficere,
1053 1007 1199 1085 proiecto
1221 1024 1326 1067 aecum
1347 1007 1417 1086 lpao

326 1101 415 1162 omni
443 1121 479 1162 ex
511 1111 600 1182 parte
622 1124 796 1187 congruere
816 1110 972 1188 planeque
993 1128 1064 1172 eoae
1086 1103 1214 1171 ταύτόν
1224 1109 1276 1190 *)ε
1305 1110 1417 1189 quibua

325 1205 433 1268 verbio
455 1208 644 1286 significatur
665 1212 824 1288 abaolota,
837 1201 937 1293 'quam
954 1219 1081 1288 vocant,
1104 1219 1233 1273 naturae
1246 1213 1312 1274 eiua
1327 1213 1416 1275 lden-

326 1309 419 1382 tltaa,
454 1330 543 1389 quam
571 1320 659 1392 patet
683 1315 712 1376 ei
733 1317 909 1377 ueceaaario
933 1336 1004 1379 eaae
1025 1317 1239 1391 tribuendam
1267 1337 1362 1396 quum
1383 1317 1416 1377 lu

325 1432 362 1473 ae
385 1413 486 1474 colum
508 1422 677 1495 spectatur.
719 1418 796 1479 Nam
812 1420 883 1481 ldea
899 1420 1056 1499 quaelibet
1066 1438 1123 1499 per
1135 1439 1171 1480 aa
1186 1439 1249 1481 uua
1261 1426 1311 1482 eat
1322 1426 1416 1500 atque

326 1518 475 1596 aimolm,
497 1539 554 1582 uec
568 1521 736 1599 quidquam
752 1521 786 1580 in
800 1541 834 1582 ae
848 1522 1102 1602 comprehendit,
1126 1522 1209 1600 quod
1221 1524 1288 1584 eiua
1302 1541 1415 1602 aequa-

326 1620 480 1681 bilitatem
504 1628 536 1682 et
558 1627 762 1685 constantiam
784 1625 910 1684 turbare
923 1626 987 1684 ullo
1002 1623 1257 1688 modoaideatur.
1294 1626 1416 1705 Quodsi

327 1723 423 1802 igitur
445 1723 524 1785 haee
544 1729 729 1789 nostratium
751 1746 838 1788 more
861 1727 1023 1788 enuntiare
1045 1727 1192 1802 velimus,
1223 1747 1274 1788 rea
1295 1732 1416 1808 paucis-

328 1826 413 1888 aimla
437 1828 540 1890 verbio
561 1832 605 1891 ita
624 1833 742 1911 poterit
763 1831 951 1910 significari,
984 1837 1020 1890 ut
1040 1828 1258 1891 Parmenidem
1278 1831 1416 1892 dieamua

327 1930 388 1991 laoc
414 1932 476 1993 ailai
502 1933 597 2008 velle,
630 1936 711 1996 entia
741 1935 850 1996 idealia
876 1953 934 2014 per
960 1953 996 1995 ae
1024 1935 1156 2013 spectati
1178 1940 1319 1994 naturam
1342 1932 1417 1996 uibi-

329 2042 395 2095 uaet
416 2034 478 2114 ipsi
500 2038 585 2096 omni
606 2055 644 2098 cx
665 2046 754 2118 parte
766 2038 995 2117 periectiaaime
1012 2037 1190 2112 conuenire,
1213 2057 1415 2118 necunquam

327 2158 347 2200 a
367 2156 403 2202 aa
425 2140 492 2219 ipaa
514 2139 701 2220 discrepare.
746 2142 836 2220 Quod
859 2161 950 2222 quam
970 2160 1043 2203 vere
1059 2141 1178 2203 dictum
1193 2133 1234 2203 ait
1247 2148 1281 2203 et
1295 2142 1333 2202 ad
1347 2159 1414 2202 rem

326 2242 425 2323 lpaam
445 2245 691 2320 accommodate,
713 2262 804 2305 nemo
820 2252 869 2305 eat
883 2247 955 2325 quin
977 2247 1045 2325 ipae
1066 2244 1159 2307 iaeilc
1180 2245 1413 2307 animadvertat.

325 2346 534 2408 Nihilominus
562 2367 637 2410 vero
667 2349 780 2410 deiude
804 2341 841 2410 τὸ
864 2352 899 2412 ἕν
927 2349 1022 2409 etiam
1043 2338 1319 2429 ita'oompamtum
1343 2369 1415 2412 eaaa

327 2450 473 2523 docetur,
505 2457 541 2511 ut
567 2470 585 2509 a
611 2468 646 2512 se
672 2451 757 2529 ipao·
776 2449 905 2513 differre
939 2450 1136 2512 statuendum
1165 2452 1215 2512 ait
1265 2454 1358 2533 Qarod
1384 2454 1413 2516 al

326 2551 399 2632 qula
420 2555 566 2628 miretur,
588 2554 811 2615 memineritis
833 2555 880 2634 τῷ
903 2555 951 2615 ἑνί
973 2555 1005 2615 in
1027 2554 1242 2635 superioriboa
1262 2555 1411 2617 tributam

326 2675 399 2717 eaae
420 2657 512 2718 etim
533 2656 692 2718 relationis
714 2657 877 2731 vintoniam,
906 2674 967 2735 qua
989 2663 1111 2719 etcum
1133 2677 1189 2732 eo,
1218 2655 1302 2734 quod
1325 2665 1412 2721 extra

325 2758 430 2838 ipsum
461 2760 596 2840 potitum
619 2764 718 2833 earet,
746 2764 779 2818 et
807 2778 912 2821 aecum
940 2759 1010 2838 lpao
1041 2763 1261 2822 contineretur.
1306 2761 1413 2838 ltaque

326 2881 425 2923 uuum
445 2880 524 2924 nunc
545 2884 563 2925 a
584 2882 618 2926 ae
640 2864 709 2942 ipao
732 2863 889 2923 diversum
911 2854 1162 2939 aaaeiudicatur‚
1186 2868 1337 2944 quatenus
1353 2863 1412 2922 alia

327 2970 382 3024 eat
402 2965 522 3027 interna
541 2969 607 3028 eius
631 2967 758 3042 relatio,
782 2985 842 3046 qua
863 2967 984 3052 formae
1000 2967 1067 3027 elna
1087 2971 1180 3046 atque
1203 2975 1307 3048 partes
1328 2984 1412 3027 com-

325 3068 479 3129 munltate
500 3071 629 3149 quadam
651 3071 864 3146 contlnentur,
893 3070 954 3130 alia
974 3074 1118 3146 externa,
1149 3088 1228 3149 quae
1249 3069 1289 3131 lu
1304 3088 1342 3130 eo
1364 3071 1413 3128 eat

325 3171 447 3252 poena,
470 3179 505 3234 ut
525 3175 615 3235 ideae
634 3174 684 3236 vel
705 3175 745 3235 ad
769 3194 805 3236 ae
826 3175 953 3236 invicem
975 3175 1025 3234 vel
1053 3175 1146 3235 etiam
1167 3174 1207 3235 ad
1228 3192 1279 3235 rea
1301 3169 1412 3234 indivi-

326 3277 405 3337 duaa
426 3275 605 3338 referantur
626 3283 658 3339 et
679 3279 766 3357 quaai
785 3285 912 3339 externa
924 3278 1080 3357 gaudeant
1094 3267 1286 3340 condicione.
1326 3277 1411 3353 Quo-

325 3378 409 3439 circa
430 3378 480 3440 laia
502 3381 606 3442 rerbia
627 3382 704 3443 nilril
727 3400 802 3442 aane
822 3381 978 3441 indicatur
998 3379 1099 3453 aliud,
1127 3380 1186 3441 nial
1208 3381 1285 3455 hoc,
1314 3397 1411 3439 uuum

324 3480 357 3541 in
384 3499 507 3543 aumma
534 3491 663 3547 naturae
690 3505 765 3548 auae
792 3485 1012 3564 aequabilitate
1041 3489 1073 3542 et
1107 3484 1277 3543 constantia
1307 3487 1411 3542 tamen

325 3583 389 3645 hoc
425 3586 486 3646 silai
520 3587 639 3656 haltere
670 3589 848 3671 proprium,
887 3593 924 3646 ut
952 3584 1112 3663 multiplex
1142 3585 1174 3644 in
1211 3601 1248 3643 eo
1277 3581 1411 3645 diaoerui

325 3694 421 3766 queat
441 3689 565 3753 relatio.

411 3792 516 3872 Atque
538 3794 616 3856 haec
637 3797 760 3875 qnidam
783 3796 858 3857 aetia
881 3794 1045 3874 perepicuo
1065 3798 1139 3855 aunt
1165 3809 1225 3851 nec
1245 3789 1299 3850 ulli
1322 3787 1412 3849 dubl·

325 3894 438 3957 tatloni
467 3897 609 3961 obnoxia.
659 3899 721 3960 Sed
749 3901 848 3960 multo
877 3906 926 3959 est
955 3897 1113 3959 difliciliua
1140 3892 1340 3972 interpretari
1362 3907 1411 3950 ae-

325 4000 471 4088 quantia,
494 4002 605 4078 qulbua
627 4019 721 4063 unarm
743 4003 884 4082 arguitur
910 4011 983 4075 τοῖς
1005 3990 1120 4073 ἄλλοις
1148 4016 1219 4060 ease
1246 4001 1312 4058 tum
1338 4009 1411 4054 com

394 4216 421 4271 ‘l
437 4216 518 4281 Quod
535 4218 585 4271 hoe
598 4222 657 4270 loro
672 4221 751 4271 aomlt
763 4221 941 4278 Parmeniden,
961 4234 1173 4287 unamquamque
1186 4233 1240 4267 rem
1255 4219 1301 4290 aul
1311 4206 1411 4260 rudao'v

324 4291 373 4334 aut
388 4285 477 4354 ῗτιροι·
495 4297 658 4357 autpertum
676 4292 717 4340 acl
735 4297 817 4340 lotum
836 4307 893 4340 ease
911 4296 1045 4356 oportere3
1071 4289 1176 4338 tertiana
1194 4283 1267 4334 iatud
1284 4287 1410 4359 tunquam

324 4355 441 4404 medium
466 4356 535 4407 inter
555 4357 588 4408 τὸ
611 4355 694 4408 αὐτόν
718 4364 745 4407 ιι
770 4358 802 4409 τὸ
819 4359 905 4427 ἕτερον
921 4358 1026 4407 uidetur
1043 4367 1261 4406 commemorare.
1281 4344 1410 4413 tl‘lfflllffl

324 4423 396 4488 quad
415 4429 517 4490 partam
534 4427 574 4475 ael
593 4432 678 4476 toturn
697 4425 843 4495 cuiuspiam
860 4429 898 4476 rei
917 4425 1040 4482 conticit,
1060 4426 1088 4474 ld
1104 4439 1153 4472 nee
1171 4415 1270 4469 ταύτόν
1285 4420 1342 4469 eat.
1361 4428 1409 4463 nee

322 4492 433 4540 omniuo
450 4490 484 4541 ab
503 4509 532 4542 aa
550 4494 690 4544 diurnam.
734 4493 806 4544 llaec
830 4495 857 4544 iu
882 4501 1036 4545 transenna
1060 4506 1166 4540 monere
1183 4485 1284 4554 placuit
1310 4482 1409 4533 Tanar-

322 4560 421 4607 aaaaaaaa'
431 4560 533 4622 qratia,
553 4562 598 4629 qui
618 4563 731 4629 Syatam.
747 4562 845 4618 Philon.
860 4561 963 4614 Platon.
979 4561 1011 4611 Τ.
1025 4561 1058 4609 ll.
1077 4577 1102 4627 p.
1117 4554 1180 4605 ὅδ’).
1200 4570 1227 4603 ae
1242 4552 1347 4620 negarit
1359 4550 1410 4602 hoe

321 4632 462 4677 decretum
482 4631 547 4696 quid
563 4630 613 4681 atui
630 4632 708 4682 vellet
725 4632 782 4683 ullo
800 4632 878 4682 modo
896 4632 1053 4698 intelligere.

875 4796 901 4859 ,ιν
