3775 5442
396 646 485 709 ,5⁸4
674 641 842 703 Pnocm
872 634 1250 699 COMMENTARIUS

423 818 480 896 τρίς
500 813 563 882 τούς
585 810 685 882 αύτούς
705 810 963 889 ἐπαναλαμβάνουσι
983 809 1082 886 λόγους
1103 805 1235 883 άσμένως,
1266 809 1312 864 καί
1334 797 1424 872 ύλλοις
1445 804 1515 865 ὖπέπ

423 939 515 990 χοντες
535 915 583 982 τάς
609 911 695 983 άνοάς
720 913 832 994 άπορεῒν
859 914 931 991 πρός
959 911 1058 978 αύτούς
1086 914 1258 987 βουλομένοις
1278 935 1306 968 τε
1327 912 1377 968 καί
1397 913 1517 986 δννσμέκ

425 1015 489 1086 νοις.
516 1015 738 1096 ἀναγνωσθείσης
759 1008 808 1077 ούν
827 1017 874 1089 τῆς
894 1014 1001 1093 πρώτης
1021 1014 1190 1085 ύποθέσεως,
1213 1011 1228 1071 δ
1251 1010 1398 1092 Σωκράτης
1420 1036 1517 1074 συναι-

425 1127 468 1202 ρεί
487 1121 536 1181 τδν
561 1118 628 1181 ὅλον
655 1118 753 1196 λόγον,
788 1121 835 1179 καὶ
863 1119 1023 1177 ἐπιδείκνυσι
1050 1115 1209 1194 τῶίήνωνι
1230 1117 1260 1175 τό
1284 1114 1447 1176 συνσπτικόν
1467 1115 1516 1190 τῆς

426 1223 527 1286 ίαντοῶ
548 1226 668 1290 διανοίας
689 1224 737 1281 καὶ
757 1221 788 1280 τό
811 1218 875 1289 όξύ,
903 1222 951 1278 καί
972 1220 1003 1278 τό
1027 1218 1218 1294 σαφηνιστικδν
1240 1222 1329 1295 μέντοι
1349 1220 1406 1278 τῶν
1427 1216 1516 1296 οἷγκύ-

427 1333 480 1394 λως
501 1326 656 1404 είρημένων,
685 1326 732 1382 καί
752 1323 821 1390 ὅλως
841 1323 872 1382 τό
895 1323 965 1402 πρός
986 1319 1131 1398 άναγωγήν
1157 1320 1312 1396 ἐπιτήδειον.
1357 1325 1440 1384 τούτο
1461 1321 1516 1402 γάρ

341 1423 352 1434 “
429 1435 486 1489 ίστι
505 1429 537 1488 τά
560 1433 695 1505 συναιρεῖν
714 1425 763 1494 τάς
787 1422 889 1492 πολλάς
917 1423 1033 1499 νοήσεις,
1063 1425 1094 1484 τό
1124 1425 1362 1503 καταδράττεσθαι
1381 1427 1430 1498 τῆς
1450 1422 1517 1499 άλη-

430 1534 526 1601 θείας,
547 1530 578 1589 τό
600 1527 738 1589 άναπλσῦν
758 1527 806 1600 τήν
827 1523 1060 1607 ἀποκεκρυμμένην
1081 1530 1135 1588 τῶν
1155 1533 1302 1606 θειοτέραν
1323 1525 1454 1587 διάνοιαν.

503 1682 572 1751 ,Εἰ
592 1679 710 1742 πολλά
736 1687 812 1740 ἐστι
832 1681 873 1739 τά
894 1676 993 1753 όντα,
1017 1679 1061 1749 ῶς
1083 1677 1148 1759 άρα
1170 1684 1224 1740 δεῖ
1245 1679 1332 1740 αὐτά
1353 1682 1465 1760 ὅμοιά
1485 1709 1517 1745 τε

429 1779 549 1856 ,τίνοι
575 1786 636 1843 καὶ
664 1782 832 1861 άνόμσια·
862 1786 969 1846 τούτο
998 1787 1032 1843 δέ
1061 1785 1100 1857 δή
1122 1780 1313 1844 άδόνστσν·
1345 1781 1428 1848 οὔτε
1448 1789 1517 1868 γάρ

430 1887 494 1958 ,τά
515 1884 669 1964 άνόμοια
690 1889 812 1964 ὅμοια,
840 1885 982 1949 ούτετά
1004 1880 1111 1965 όμσια
1133 1885 1288 1963 άνόμοια
1311 1884 1446 1951 οἷόντε
1468 1886 1518 1951 εί-

430 2009 523 2060 ,,ναι·
546 1986 608 2062 ούχ
630 1991 720 2050 ούτω
742 1995 874 2069 λέγειςς
897 1990 1006 2058 σέτω,
1027 1989 1140 2065 φάναι
1162 1990 1221 2049 τόν
1242 1988 1389 2063 Ζήνωνα.
1433 1989 1519 2054 σύκ-

431 2089 523 2168 ,,οῶν
543 2093 573 2151 εἰ
594 2089 775 2155 άδύνατον
802 2093 842 2153 τά
862 2118 896 2153 τε
924 2090 1080 2170 άνόμοια
1108 2093 1215 2172 ὅμοια
1245 2089 1356 2164 εἶναι,
1390 2096 1450 2153 καί
1478 2095 1519 2154 τά

431 2193 565 2271 ,ὅμοια
587 2191 753 2274 άνόμοια,
776 2193 953 2255 ἀδύνατον
975 2196 1013 2269 δή
1027 2198 1101 2279 1καί
1122 2196 1237 2256 πολλά
1259 2190 1371 2255 εἶναι·
1402 2196 1432 2256 εἰ
1451 2197 1516 2279 γάρ

431 2303 527 2372 »εἴη
548 2293 682 2372 πάσχοι
705 2298 746 2358 ἂν
766 2298 806 2357 τά
827 2295 1024 2357 άδύνστα.“
1053 2297 1097 2376 (P.
1115 2301 1183 2355 127.
1201 2297 1237 2355 D.
1252 2295 1302 2381 E.)

369 2419 429 2479 1⁰3
520 2417 601 2479 Πάνυ
622 2422 670 2479 καί
690 2422 873 2500 συνηρημένως
893 2420 941 2478 καλ
969 2418 1064 2493 σαφῶς
1091 2421 1199 2485 ἐξέθετο
1226 2419 1274 2478 τόν
1300 2417 1365 2476 δλον
1384 2415 1521 2503 λύγανῑ),

434 2519 482 2595 τήν
502 2520 610 2601 πρῶτην
629 2521 767 2583 ύπόθεσιν
795 2520 915 2601 άκριβῶς
941 2521 1125 2595 κατανοήσας,
1155 2523 1202 2581 καὶ
1230 2519 1415 2596 θεασάμενος,
1443 2529 1471 2583 τί
1490 2524 1523 2584 τό

434 2628 508 2694 τέλος
535 2628 591 2686 έστί
617 2627 667 2686 τού
695 2626 796 2694 παντός
824 2625 923 2703 λόγου·
955 2629 1001 2686 καί
1023 2626 1047 2684 εί
1066 2623 1159 2702 βούλει
1187 2631 1304 2703 θεωρεῖν
1329 2627 1455 2698 ἕκαστα,
1475 2627 1523 2701 τήν

433 2732 482 2804 μέν
506 2727 615 2808 πρῶτην
639 2728 778 2790 δπόθεσιν
804 2731 871 2804 έχεις
899 2727 987 2797 εύθύς
1014 2735 1042 2788 έν
1069 2724 1154 2806 άρχῇ,
1183 2727 1231 2800 τήν
1258 2730 1287 2786 δέ
1309 2732 1435 2808 δευτέραν
1454 2728 1522 2807 μετά

433 2829 480 2904 τήν
502 2829 705 2910 συγκατάθεσιν
725 2833 773 2908 τήν
799 2834 934 2910 Ζήνωνος,
964 2831 1012 2905 τήν
1032 2834 1062 2889 δέ
1088 2829 1236 2908 πρόςληιγιν
1257 2836 1285 2889 ἐν
1305 2833 1359 2909 τῷ,
1390 2835 1473 2895 τούτο
1495 2837 1524 2894 δέ

435 2930 583 2998 άδύνατον’
605 2936 654 3011 τήν
675 2941 704 2996 δέ
725 2937 859 3014 ἐπιφοράν
879 2942 908 2993 ίν
927 2934 979 3011 τῶ,
1002 2931 1134 2994 ἀδύνατον
1155 2933 1187 3005 δή
1206 2934 1354 2993 καὶπολλὰ
1376 2932 1452 2996 εἶναι.
1477 2939 1524 2996 καί

434 3029 511 3117 παρά
532 3044 580 3115 μέν
601 3038 639 3115 τῶ
661 3038 760 3111 Ζήνωνι
783 3034 884 3096 τούτων
905 3035 1019 3096 ἕκαστον
1040 3042 1140 3114 είρηται
1162 3036 1208 3093 διά
1229 3038 1348 3095 πολλῶν·
1390 3036 1473 3107 οὗτός
1494 3041 1524 3099 δέ

436 3140 505 3200 κατά
525 3139 589 3205 τούς
610 3138 712 3205 δεινούς
732 3136 787 3195 τῶν
808 3139 979 3196 διαλεκτικῶν
1008 3136 1136 3197 ἀνάλυσιν
1163 3146 1279 3198 ποιεῖται
1306 3140 1357 3199 τοῦ
1379 3149 1525 3219 συλλογισ·

435 3241 506 3314 μοῶ,
534 3239 628 3316 λαβῶν
658 3240 707 3307 τάς
739 3247 837 3320 κυρίως
863 3240 1020 3319 προτάσεις,
1051 3242 1098 3299 καί
1125 3241 1162 3307 εἷς
1188 3243 1278 3316 σχῆμα
1305 3243 1458 3320 ἐναρμόσας
1479 3247 1527 3305 τόν

435 3336 526 3415 λόγον.
570 3342 594 3402 τί
614 3345 645 3402 δέ
663 3368 703 3412 τις
722 3342 859 3407 τοσούτων
879 3345 916 3411 εἷς
936 3346 1053 3409 ἐξέτασιν
1073 3347 1252 3422 προκειμένων
1273 3345 1310 3411 εἰς
1330 3347 1379 3418 τήν
1401 3349 1527 3422 Στωϊκήν

436 3451 563 3524 τεθρείαν
591 3444 696 3525 άπάγοι
721 3449 770 3509 τόν
798 3446 895 3525 λόγον,
926 3447 1010 3521 ζητῶν
1039 3447 1062 3506 εἰ
1083 3449 1188 3522 δυνατῷ
1210 3444 1342 3505 ἀδύνατον
1364 3446 1526 3520 ἀκολουθεῖ,

436 3548 482 3618 τό,
512 3549 542 3609 εί
562 3553 711 3624 τέθνηκε
732 3555 838 3618 Δίων,
869 3551 906 3618 εἷς
925 3548 1048 3625 μέσσνέ)
1071 3554 1175 3629 φέρων,
1206 3551 1229 3609 εἰ
1256 3541 1305 3609 οὖν
1330 3575 1370 3618 τις
1397 3556 1445 3612 καὶ
1473 3553 1528 3613 τῶν

436 3650 565 3737 τοιούτων
586 3648 698 3729 άπόρων
727 3655 820 3712 ἐθέλοι
845 3659 990 3713 ποιεῖσθαι
1016 3650 1134 3729 μνήμην,
1166 3653 1263 3719 ἱκανῶς
1284 3651 1339 3711 ὑπό
1363 3654 1420 3715 τῶν
1440 3668 1528 3734 Περι·

437 3755 589 3828 ποιητικῶν
609 3757 802 3830 έξητασμένων,
824 3752 918 3834 ῥᾴδιον
937 3753 1112 3831 άπαντάνό).
1140 3757 1199 3813 νυνὶ
1219 3757 1249 3813 δέ
1269 3758 1401 3815 τοσοῦτον
1422 3757 1527 3833 λαβόν-

436 3880 485 3925 τες,
508 3856 550 3916 ότι
572 3859 704 3916 δείκνυται
725 3856 771 3916 διά
790 3882 818 3917 τε
838 3857 941 3918 τούτων
961 3855 1083 3915 καὶτῶν
1105 3850 1192 3933 άλλων
1212 3858 1262 3916 τού
1283 3858 1404 3932 Ζήνωνος
1426 3860 1527 3937 λόγων,

438 3956 474 4024 ῶς
495 3952 549 4035 ἄρα
570 3956 703 4020 ἀδύνατον
724 3956 846 4022 εἶναιτὰ
867 3957 968 4029 πολλά,
990 3962 1165 4034 ἐρημωθέντα
1185 3960 1235 4018 τοῦ
1255 3958 1321 4028 ἑνός,
1344 3955 1401 4021 άπό
1423 3963 1529 4023 τούτων

436 4055 600 4136 ὁρμηθέντες
622 4059 755 4138 σύντομον
769 4060 886 4140 εὕρωμεν
900 4061 945 4118 eut
965 4059 1013 4131 τήν
1033 4058 1142 4137 πρῶτην
1162 4058 1247 4140 ἀρχὴν
1268 4061 1334 4121 ὁδόν
1347 4063 1390 4141 ⁴).
1421 4062 1528 4141 ἀνάγκη

437 4163 526 4219 τοίνυν
548 4159 566 4233 ἢ
585 4162 687 4232 πολλάς
708 4159 834 4233 είναιτάς
850 4159 935 4241 άρχάς
949 4161 985 4238 μή
1001 4160 1164 4239 μετεχούσας
1183 4161 1241 4230 λνός
1257 4188 1328 4233 τινος
1346 4163 1527 4244 οδδαμῶςί),

504 4426 533 4492 l)
555 4427 590 4476 Ι).
615 4428 694 4496 λόγον
719 4427 766 4481 τδν
792 4427 857 4499 πρδς
881 4426 927 4493 τήν
952 4426 1088 4483 ὖπόθταιν.
1125 4459 1158 4470 -
1200 4429 1230 4496 ss)
1254 4433 1288 4482 1).
1317 4436 1353 4492 είς
1376 4439 1455 4503 μέγα.
1492 4466 1526 4477 -

435 4504 466 4570 5)
482 4509 514 4559 Β.
536 4508 664 4564 άπαντῶν.
700 4541 733 4553 ·-
767 4511 804 4578 4)
828 4510 858 4561 C·
884 4510 996 4579 εὕρωμεν
1018 4512 1065 4582 τήν
1087 4515 1188 4585 πρώτην
1211 4514 1279 4568 ὁδόν.
1318 4544 1350 4557 -
1390 4517 1469 4582 5)(1.
1491 4519 1524 4571 l).

435 4592 568 4660 θλίαμότ·
