3775 5442
725 651 814 712 Liber
834 655 955 731 primur.
998 655 1099 718 Saetic
1120 659 1143 721 i.
1438 668 1480 731 12

389 840 500 882 eorum
522 822 659 886 raliouea
682 825 855 890 obtinuisse
875 829 969 891 facile
991 837 1041 893 eet
1062 832 1102 892 ad
1118 830 1364 913 intelligendum.
1400 837 1479 902 Nam

386 926 522 1005 primum
545 925 669 1004 quidem
691 927 898 1007 Empedoclea
920 944 954 995 et
979 935 1176 1015 Anaxagoras
1203 937 1363 1016 primaria,
1397 959 1477 1019 quae

387 1034 581 1103 statuerunt,
624 1030 778 1094 elementa
806 1035 846 1096 ah
871 1036 962 1098 initio
994 1038 1077 1099 iuter
1109 1038 1178 1118 ipra
1212 1040 1342 1102 confusa
1375 1043 1476 1107 luisse

388 1133 542 1194 dixerunt.
599 1132 774 1215 Leucippus
802 1142 904 1199 autem
942 1159 979 1201 ac
1006 1139 1202 1203 Democritus
1238 1143 1401 1204 materiam
1426 1145 1475 1207 iu·

387 1234 505 1295 tinitam
533 1254 571 1297 ex
598 1239 787 1315 corpusculis
815 1240 997 1318 individuis,
1031 1245 1117 1304 nulla
1143 1244 1292 1324 qualitate
1313 1247 1474 1326 praeditin,

386 1337 488 1415 iisque
514 1339 663 1403 aeiuuetis
691 1361 709 1402 a
737 1342 928 1406 seinvicem
955 1346 1110 1425 planeque
1144 1349 1297 1427 separatis
1330 1356 1474 1413 muctare

387 1440 561 1504 voluerunt.
611 1444 719 1523 ltaque
748 1444 795 1506 illi
822 1453 909 1510 certo
939 1450 1073 1527 quodam
1099 1469 1193 1512 seusu
1216 1450 1251 1514 iv
1273 1452 1331 1514 καὶ
1351 1447 1473 1524 πολλοί,

387 1542 419 1603 hi
445 1551 550 1605 autem
578 1549 793 1610 tautummodo
823 1547 934 1611 πολλά
962 1529 1107 1630 taoquam
1134 1572 1299 1632 corporum
1320 1554 1472 1634 principia

386 1654 567 1725 posuerunt.
612 1650 733 1711 Deinde
753 1653 955 1729 Anaxagorae
984 1658 1017 1711 et
1036 1653 1234 1733 Empedoclis
1259 1659 1340 1719 ratio
1354 1677 1471 1721 ,narsus

386 1750 466 1810 haud
487 1771 601 1831 purum
624 1772 662 1813 eo
679 1754 762 1815 iuter
782 1773 817 1814 oe
839 1754 1011 1833 discrepat,
1033 1756 1118 1833 quod
1139 1758 1237 1820 illeio
1257 1760 1385 1821 coniusa
1406 1776 1471 1822 ma-

388 1854 482 1915 teriae
502 1856 590 1915 mole
610 1855 745 1917 infinitae
767 1857 872 1919 inesse
892 1857 1143 1920 homoeomerian
1165 1863 1302 1936 cenandi,
1323 1861 1375 1923 hie
1395 1883 1470 1925 uero

387 1966 531 2034 quattuor
551 1964 671 2021 tantum
693 1960 847 2020 elementa
868 1961 978 2021 statuit
993 1961 1087 2024 chaos
1100 1963 1174 2024 olim
1191 1963 1375 2026 confecisse.
1409 1966 1471 2029 Ac-

385 2061 467 2121 cedit
493 2063 554 2123 alia
580 2064 732 2141 quaedam
759 2062 912 2124 dissensio
935 2064 1098 2145 utriusque
1117 2063 1315 2148 philosophi,
1345 2068 1387 2130 de
1409 2087 1471 2150 qua
1535 2105 1540 2117 ι

383 2170 491 2244 postea
512 2166 724 2244 explicandum
746 2167 815 2228 erit,
1051 2177 1053 2185 '
1357 2243 1361 2250 Ι
1512 2157 1515 2162 ’

465 2269 508 2330 Ει
536 2268 647 2329 horum
675 2270 797 2348 quidem
826 2270 1026 2350 physicorum
1053 2271 1165 2334 nationi
1192 2272 1284 2353 plane
1312 2272 1467 2335 contraria

383 2370 444 2432 fuit
463 2373 673 2433 Eleaticorum
694 2375 863 2449 sententia,
885 2375 926 2436 de
948 2395 1007 2455 qua
1029 2382 1064 2437 ut
1084 2376 1235 2438 hocloco
1255 2377 1360 2456 paullo
1376 2395 1467 2439 aecu-

383 2477 481 2538 ratlua
508 2482 698 2555 exponatur,
730 2482 898 2558 propterea
925 2478 1056 2539 maxime
1084 2487 1228 2558 putamus
1257 2479 1465 2543 moerentium

381 2599 467 2655 ease,
501 2580 586 2658 quod
613 2581 682 2640 siue
707 2579 775 2641 eius
803 2582 914 2642 notitia
940 2600 998 2642 nec
1025 2582 1161 2644 Zenonis
1188 2583 1343 2644 sententia
1373 2583 1466 2662 plane

381 2685 516 2764 perspici
532 2702 589 2743 nec
605 2702 653 2757 ea,
676 2701 754 2762 quae
766 2702 867 2744 mona
883 2682 1069 2745 Parmenide
1080 2683 1272 2761 instituetur,
1294 2685 1465 2765 disputatio

382 2787 607 2849 ructeiudicari
622 2804 716 2867 pceae
729 2786 863 2847 videtur.
906 2789 1098 2867 Quamquam
1116 2786 1259 2849 nolumus
1279 2806 1465 2866 aquoquam

386 2891 540 2967 expectari
567 2909 630 2950 eam
658 2890 699 2949 de
725 2888 853 2949 iliorum
885 2888 1020 2949 decretis
1050 2887 1281 2964 quaeatiouem,
1311 2908 1390 2968 quae
1415 2891 1463 2951 in·

385 2991 503 3069 signem
530 2993 670 3054 novitatis
701 2989 860 3054 eaduisdam
887 2989 1004 3050 habeat
1031 2987 1338 3050 commendationem.
1380 2991 1465 3055 liildl

381 3093 461 3154 enirn
485 3095 567 3156 aliud
587 3097 678 3157 nohis
699 3095 895 3175 propositum
918 3101 983 3169 eet,
1014 3091 1076 3153 uini
1104 3096 1217 3171 quauta
1241 3089 1374 3153 maxima
1396 3090 1465 3153 fieri

378 3203 485 3276 potest
518 3200 739 3278 perspicuitate
766 3199 892 3260 iliorum
919 3198 1071 3258 rationem
1100 3195 1239 3258 breuiter
1266 3192 1464 3273 adumbrare,

380 3319 441 3379 quo
462 3301 586 3364 facilius
607 3303 754 3382 deinceps
776 3302 848 3381 quid
868 3304 921 3377 eit,
943 3301 1027 3382 quod
1043 3299 1126 3381 apud
1147 3298 1308 3361 Platonem
1330 3313 1464 3378 expona-

377 3413 448 3479 tur,
471 3405 509 3464 ab
532 3404 674 3465 omnibus
696 3405 896 3485 intelligatur.

463 3509 563 3586 Quum
585 3508 681 3588 igitur
701 3510 797 3570 lonlei
818 3508 859 3569 de
879 3526 984 3568 rerum
1007 3506 1123 3566 caussis
1145 3509 1178 3565 ei
1196 3500 1292 3564 initiis
1312 3502 1356 3562 ita
1368 3521 1462 3582 quae-

377 3629 449 3671 rere
471 3611 697 3687 iostituiaeent,
728 3618 763 3673 ιιι
784 3629 821 3671 ex
843 3610 955 3690 quihus
977 3626 1142 3687 corporum
1171 3604 1462 3669 clementinorum

377 3715 561 3777 universitas
575 3721 660 3777 esset
676 3715 817 3787 couiiata,
839 3713 971 3773 definire
984 3709 1163 3783 studerent,
1185 3707 1285 3771 auctis
1298 3707 1463 3786 paullatim

376 3817 627 3897 philosophando
642 3819 759 3878 uiribus
772 3815 812 3877 ad
827 3835 953 3891 eorum,
976 3832 1055 3894 quae
1068 3828 1214 3875 munuum
1229 3812 1461 3892 perceptionem

376 3918 516 3999 fugiunt,
538 3922 627 4000 quaai
647 3919 865 3981 divinationem
889 3916 1040 3997 quandam
1063 3920 1245 3996 perventum
1265 3921 1324 3976 est.
1367 3913 1461 3994 Quod

375 4023 532 4100 quomodo
560 4023 713 4098 evenerit,
748 4023 816 4103 ipsa
842 4022 891 4082 rei
918 4029 1043 4094 natura,
1080 4020 1120 4080 de
1148 4036 1209 4098 qua
1240 4019 1460 4099 quaerebatur,

374 4125 451 4188 salia
464 4144 618 4206 quemque
635 4126 769 4188 edocere
785 4131 899 4205 potest.
941 4122 1111 4184 Enimvero
1126 4122 1181 4202 qui
1192 4141 1297 4187 rerum
1311 4120 1460 4197 indagant

374 4228 560 4309 principium
582 4230 724 4310 aliquod,
747 4249 785 4290 ex
806 4249 867 4308 quo
890 4227 994 4288 omnia
1015 4233 1085 4288 orta
1106 4228 1169 4290 alut
1188 4232 1281 4306 atque
1291 4221 1459 4304 pendeant,

374 4330 397 4390 ii
417 4332 551 4393 naturali
573 4334 706 4413 quodam
728 4352 821 4394 sensu
842 4332 927 4393 ducti
948 4331 1028 4393 illud
1049 4331 1117 4407 tale
1132 4332 1241 4393 volunt
1262 4343 1346 4398 ease,
1374 4324 1459 4403 (ιῦοἆ

375 4433 413 4496 ab
434 4436 674 4498 omniliherom
695 4437 737 4499 sit
757 4435 936 4497 mutationis
953 4455 991 4496 ac
1010 4427 1457 4507 vichsltudiuiafincoustnntla,

375 4544 554 4618 certamque
582 4541 692 4604 atl'erat
725 4548 854 4602 naturae
887 4538 1036 4617 cuiusque
1072 4533 1289 4613 coguitionem.
1341 4529 1457 4603 Omnes

375 4641 457 4702 enim
483 4641 622 4705 aeutlunt
648 4643 810 4720 facillime,
837 4642 934 4719 iliad,
965 4640 1049 4722 quod
1078 4637 1139 4700 eibi
1158 4635 1221 4717 ipsi
1239 4649 1303 4696 uon
1324 4635 1454 4706 constet,
1568 4732 1574 4738 .
