3775 5442
637 635 724 697 Liber
743 639 862 716 prinam.
906 624 1007 697 S'aetio
1028 636 1084 698 xi
1340 638 1408 705 m
1489 616 1493 621 ¹

320 811 466 886 amiam,
493 827 534 872 ne
560 809 714 890 dlapnteri
740 809 864 888 quidem
891 809 933 872 de
960 828 999 873 eo
1031 809 1140 872 liceret
1158 806 1202 888 *).
1244 808 1347 891 atqua
1366 821 1419 879 αῖ

320 914 372 977 laia
393 914 537 995 quidem,
559 930 639 992 quae
659 912 809 974 haetenus
829 916 902 974 aunt
924 913 1094 994 explicata,
1115 916 1230 992 apente
1242 914 1405 994 conaeqnl-

320 1026 392 1095 απ,
419 1023 456 1080 ut
475 1035 590 1091 unum,
625 1013 738 1078 cinon
758 1015 991 1096 componitur,
1019 1022 1052 1079 et
1072 1014 1225 1079 diaaimlle
1243 1021 1332 1080 recte
1352 1034 1408 1100 ap·¹
1457 996 1465 1009 ’

320 1121 477 1201 pelletur3
512 1120 668 1200 discrepat
696 1117 776 1178 enim
807 1118 978 1193 acetcria3
1013 1124 1046 1182 et
1072 1137 1148 1181 raro
1178 1117 1272 1181 etiam
1293 1119 1407 1198 almlle,

322 1224 396 1304 qnia
416 1223 542 1285 sibimet
561 1222 621 1302 ipci
642 1240 705 1284 non
725 1225 832 1302 poteat
853 1238 923 1282 eaae
950 1221 1110 1284 diaaimile.
1134 1255 1173 1267 -
1202 1219 1302 1285 Porro
1323 1223 1408 1287 inter

321 1344 418 1387 unum
440 1337 533 1406 atque
554 1332 659 1389 cetera
684 1324 778 1386 etiam
806 1323 1034 1404 inaequalitatis
1057 1321 1180 1385 obtinet
1199 1325 1298 1389 ratio:
1332 1333 1408 1391 annt

323 1429 407 1491 urim
434 1428 496 1489 cibi
521 1429 651 1490 invicem
674 1427 836 1489 allaelmilia
849 1425 912 1507 **).
967 1427 1119 1505 Quoniam
1146 1431 1249 1491 aulem
1271 1428 1311 1492 ad
1332 1449 1409 1512 pro-

322 1530 487 1594 creandam
514 1530 763 1610 inaequalitatem
791 1529 1012 1610 magnitndinia
1040 1534 1073 1589 et
1090 1528 1250 1607 parvitatia
1269 1531 1409 1601 ratiohea

322 1635 543 1715 requiruntnn
571 1650 682 1707 nuum,
705 1636 855 1711 quatenus
876 1649 940 1692 non
962 1636 1026 1706 eet,
1049 1650 1089 1693 ne
1110 1635 1263 1712 parvitate
1283 1635 1409 1716 qnidam

323 1742 376 1797 ant
397 1733 612 1815 magnitudine
632 1752 739 1795 carere
751 1732 883 1795 indicari
897 1738 1042 1814 oportet,
1065 1735 1314 1815 qnandoquidem
1325 1742 1419 1803 cete.

273 1914 277 1933 Ι
323 1840 365 1903 rb
390 1844 444 1899 est
464 1837 633 1916 inaequale.
675 1835 898 1916 Magnitudinia
921 1840 1024 1898 autem
1045 1842 1080 1898 et
1098 1837 1260 1917 parvitatia
1279 1840 1411 1903 rationi-

324 1944 380 2005 lna
411 1958 536 2022 comper
563 1939 667 2001 media
691 1938 855 2001 interiecta
882 1945 932 2002 eat
958 1939 1137 2020 aequalitaa.
1188 1941 1297 2023 ltaque
1317 1960 1412 2009 omne

325 2045 373 2122 id,
395 2044 447 2105 cui
467 2042 634 2105 tribuimna
654 2043 838 2121 parvitatem
858 2047 891 2105 et
909 2041 1168 2123 magnitudinem,
1191 2044 1411 2127 mamaeqaa-

324 2149 442 2210 lltatem
466 2150 576 2207 natura
597 2165 654 2209 aua
675 2146 898 2226 complectatur
920 2162 1049 2208 neceaae
1071 2148 1129 2207 eat.
1176 2145 1224 2208 En
1252 2166 1314 2227 qno
1335 2158 1421 2213 oon-‚²

325 2251 483 2330 nequitur,
505 2253 542 2310 ut
562 2267 657 2310 nuum
678 2249 763 2312 iatnd
784 2257 909 2330 praeter
920 2248 1104 2331 parvitatem
1120 2252 1155 2311 et
1167 2249 1411 2333 magnitudinem

326 2353 423 2416 etiam
442 2351 659 2431 aequalitatem
681 2356 826 2432 tanquam
842 2351 902 2414 oilli
921 2351 1080 2434 propriam
1090 2350 1247 2414 vindicare
1258 2353 1419 2419 videntum

326 2454 479 2535 Quom
490 2453 569 2515 illud
583 2459 649 2516 tum
662 2453 825 2534 inaequale
840 2456 1012 2536 putandum
1023 2455 1085 2517 erit
1099 2459 1165 2517 tnm
1182 2455 1312 2535 aequale
1326 2453 1411 2536 m).

327 2558 409 2637 Quin
431 2558 523 2620 etlam
545 2558 700 2621 esaentlae
721 2559 950 2638 quodammodo
972 2559 1033 2620 erit
1053 2558 1229 2638 particepa3
1249 2577 1321 2622 nam
1333 2559 1412 2623 alio·

329 2662 402 2741 quin
423 2679 519 2722 unum
539 2678 602 2723 non
624 2678 694 2723 eane
716 2660 856 2723 dieentes
877 2661 991 2724 ialanm
1008 2660 1154 2740 quiddam
1166 2659 1412 2727 affirmaremoaa

328 2783 411 2828 nunc
431 2781 523 2840 aero,
552 2765 623 2844 qula
643 2763 729 2827 letud
751 2769 837 2825 recte
858 2783 933 2825 eane
954 2781 1072 2843 ponere
1092 2764 1248 2836 ridemur,
1273 2761 1307 2824 id
1328 2761 1414 2843 qnod

327 2886 428 2932 unum
449 2871 514 2943 eat,
535 2886 605 2930 ease
626 2884 756 2947 proram
775 2871 825 2929 eet
846 2869 1085 2927 contentaneum
1098 2863 1148 2943 †).
1169 2899 1214 2910 --
1233 2861 1298 2924 Eat
1317 2865 1415 2945 igitur

327 2969 412 3034 illud
432 2987 538 3047 mom,
569 2971 644 3033 lieet
663 2975 797 3051 negetur
817 2986 906 3032 eane:
940 2985 1012 3030 nam
1037 2967 1150 3030 alnon
1170 2966 1269 3028 inerit
1296 2957 1342 3046 μὴ
1365 2960 1415 3041 ὅν,

327 3075 405 3139 ine.
428 3073 507 3150 tale,
538 3074 623 3154 quod
653 3092 714 3135 non
744 3073 804 3149 ait,
841 3077 875 3135 et
901 3071 951 3132 ael
977 3068 1133 3133 tantillum
1163 3064 1279 3144 οὐσίας
1307 3068 1348 3131 ed
1372 3060 1415 3132 τὸ

328 3171 373 3259 μὴ
396 3167 438 3240 ὄν
458 3177 685 3248 trauamiaerit3
715 3175 800 3239 illico
811 3174 923 3237 evadet
934 3173 1016 3249 tale,
1037 3162 1122 3255 quod
1136 3191 1205 3237 eaae
1217 3173 1415 3236 dicidebeat.

329 3280 455 3362 Quippe
483 3286 604 3342 remota
632 3280 798 3359 negatione
824 3280 971 3342 continuo
1002 3278 1081 3353 erit,
1113 3296 1172 3340 nec
1199 3275 1331 3356 ampliare
1350 3292 1417 3339 non

329 3384 392 3446 erit
403 3382 481 3465 ††).
503 3417 545 3429 -
567 3382 653 3460 Quae
675 3401 770 3461 quum
790 3383 834 3444 ita
847 3383 926 3458 aiot,
948 3399 1110 3443 commune
1123 3379 1250 3458 aliquod
1261 3378 1422 3445 vinculum.

329 3486 507 3568 reperiatur
534 3503 662 3547 neceaae
683 3491 747 3560 eet,
775 3505 835 3565 qno
857 3486 905 3559 ld,
940 3483 1024 3565 quod
1047 3501 1117 3545 eaae
1135 3483 1325 3557 iudicamur,
1346 3500 1417 3547 eom

329 3590 385 3652 lllo
411 3588 624 3663 contineatur,
655 3588 741 3667 quod
772 3605 834 3649 non
862 3605 934 3649 eaae
968 3585 1122 3668 ponimun.
1173 3584 1265 3663 Quod
1291 3585 1418 3666 qnldem

330 3692 470 3755 cernitur
483 3691 516 3752 in
531 3709 590 3766 eo,
611 3697 664 3766 nt,
687 3692 809 3754 etlamai
823 3692 899 3773 quid
913 3709 976 3753 non
996 3690 1056 3763 ait,
1076 3694 1179 3750 tamen
1192 3687 1286 3751 aimul
1299 3685 1418 3753 οὐσίαν

330 3794 446 3857 habeat
474 3793 536 3876 oilli
566 3794 740 3874 propriam3
778 3799 812 3857 et
841 3792 976 3857 riclaaim
1005 3811 1100 3872 quum
1129 3792 1186 3868 ait,
1218 3791 1419 3853 nihilomlnua

331 3898 416 3976 dna,
446 3897 532 3977 quod
560 3916 623 3960 non
650 3904 715 3972 eat,
748 3899 812 3960 rim
844 3905 876 3961 et
901 3902 1042 3960 naturam
1068 3895 1101 3956 in
1128 3913 1164 3957 ae
1186 3893 1427 3974 complectaturs

331 4002 400 4080 Qua
427 3999 553 4061 demum
583 4002 799 4063 coniunctione
824 4000 902 4063 illud
929 3999 1014 4061 citici
1041 3999 1179 4072 ridetur,
1215 3994 1358 4075 perfecte
1383 3999 1421 4056 ut

332 4104 410 4184 qnid
431 4111 497 4166 tam
525 4120 597 4167 eane
623 4109 733 4185 queat,
768 4123 860 4184 qnam
888 4121 951 4165 non
980 4122 1050 4165 eane
1065 4100 1163 4183 †††).
1206 4096 1305 4179 igitur
1327 4095 1420 4157 etlam
