3775 5442
483 605 526 667 68
813 602 899 661 Liber
920 604 1041 680 primus.
1083 603 1182 663 Sectis
1205 604 1241 663 ll.

483 777 622 838 idearum
649 774 732 835 luter
757 774 842 854 ipsas
869 781 902 835 et
930 794 999 837 com
1034 775 1220 854 corporibus
1256 776 1504 838 coniunctionem
1533 799 1570 841 ac

483 878 752 941 uecessitudinem.
803 877 957 957 erocirce
982 877 1049 953 illi,
1082 884 1118 938 ut
1145 885 1234 939 erant
1266 881 1453 943 contentiosi
1475 890 1507 942 et
1528 884 1569 943 ad

482 984 642 1045 rixandum
655 982 770 1061 parsti,
792 982 864 1061 quid
881 981 913 1043 in
926 981 994 1043 eius
1009 981 1132 1041 ratione
1146 981 1276 1043 maxime
1296 989 1380 1045 esset
1398 984 1569 1064 repreben-

481 1088 634 1160 dendum,
656 1086 803 1147 confirmo
819 1087 1104 1166 circumspexerunt
1117 1084 1321 1165 studioseque
1333 1085 1569 1169 investigarunt.

482 1191 567 1253 Nibll
595 1195 698 1249 autem
731 1194 856 1268 poterat
884 1187 954 1266 plus
984 1186 1165 1249 offensionis
1191 1187 1325 1262 babere,
1362 1209 1452 1268 qnam
1483 1192 1568 1270 quod

483 1296 571 1356 l’lato
594 1293 680 1355 ideas
700 1310 759 1371 per
780 1310 816 1354 se
836 1310 979 1354 seorsum
1001 1310 1037 1353 ac
1058 1310 1115 1356 sua
1136 1293 1166 1351 ri
1187 1299 1332 1354 conatam
1350 1293 1504 1371 ponebat,
1532 1315 1568 1357 oc

481 1397 680 1460 adbllominns
707 1414 759 1457 res
788 1412 955 1474 corporeas
988 1413 1045 1473 per
1078 1394 1229 1472 quandam
1257 1397 1504 1459 commonionem
1531 1419 1568 1461 ex

480 1500 520 1563 iis
542 1517 707 1578 suspensas
728 1517 799 1561 ease
819 1503 853 1557 et
866 1504 1006 1559 naturam
1019 1516 1105 1558 srram
1122 1495 1161 1558 iis
1175 1503 1332 1577 acceptura
1347 1499 1470 1562 referre
1484 1503 1566 1564 arbi-

481 1604 630 1666 trabatur.
673 1605 773 1681 Quem
795 1601 898 1664 locum
920 1600 1039 1681 argutis
1061 1606 1094 1661 et
1121 1600 1268 1679 captiosis
1291 1603 1356 1663 suis
1378 1605 1565 1683 quaestioni-

482 1708 539 1767 bus
560 1706 604 1765 lta
625 1710 789 1780 vexarunt,
820 1710 856 1765 ut
877 1703 1100 1766 absurdissime
1122 1720 1262 1783 quaeque
1282 1704 1357 1767 lude
1377 1707 1491 1769 elicere
1513 1728 1565 1769 eo-

355 1851 357 1855 ·
480 1814 637 1869 narentur.
680 1810 725 1871 Ac
747 1807 806 1869 uisi
827 1805 955 1886 egregie
976 1804 1129 1879 iellimur,
1162 1806 1250 1886 ipsae
1272 1806 1361 1883 lllae,
1398 1830 1475 1890 quas
1491 1811 1565 1872 l’ar-

479 1911 619 1973 menides
648 1912 791 1989 exponit,
823 1909 1108 1989 argumentationes
1141 1927 1204 1971 uon
1236 1911 1315 1973 eliae
1343 1918 1430 1988 ιιιιιι,
1475 1934 1564 1993 quam

480 2034 556 2094 quaa
576 2013 727 2093 Megarici
747 2022 822 2081 trane
843 2011 994 2093 temporis
1020 2010 1143 2075 Platoni
1166 2022 1389 2092 opposuerunt.
1431 2018 1511 2077 Nam
1532 2025 1566 2080 et

480 2117 657 2180 disserendi
678 2117 758 2177 ratio
781 2116 813 2177 ln
835 2116 873 2177 lis
895 2122 1005 2196 regnat
1024 2133 1154 2196 prorsus
1175 2116 1315 2179 Eleetlce
1341 2118 1564 2200 etdiegarica,

481 2228 515 2283 ut
536 2219 617 2281 inira
638 2228 695 2281 suo
716 2221 786 2281 loeo
808 2219 997 2293 videbimus,
1029 2225 1063 2280 et
1083 2228 1299 2300 argumentum
1321 2240 1428 2284 earum
1449 2224 1493 2284 ita
1515 2231 1565 2286 est

480 2329 707 2402 comparatum,
730 2329 765 2384 ut
785 2322 923 2383 Platonis
944 2323 1114 2398 rationem,
1137 2326 1274 2402 quamvis
1292 2332 1347 2389 ιιιι
1359 2327 1496 2389 nondum
1512 2345 1564 2388 ex-

479 2429 591 2489 cultam
614 2427 698 2488 illam
720 2429 872 2507 planeque
894 2433 1135 2489 consummatam
1163 2434 1216 2489 aut
1242 2429 1369 2492 sinistre
1396 2437 1564 2513 acceptam,

479 2529 658 2611 planissime
693 2531 833 2610 attingat.
886 2528 1123 2592 contendebant
1155 2533 1254 2613 igitur
1287 2534 1404 2614 primo,
1439 2536 1466 2597 si
1494 2536 1564 2616 quis

480 2635 582 2694 ideam
610 2633 659 2693 vel
686 2640 784 2694 totam
814 2634 863 2694 vel
893 2651 930 2694 ex
959 2640 1048 2713 porte
1077 2634 1109 2694 in
1141 2637 1235 2697 robus
1257 2637 1412 2699 contineri
1433 2637 1562 2711 diceret,

480 2758 550 2799 eum
571 2736 716 2816 prolerre
738 2737 872 2798 absurde
894 2743 926 2797 et
947 2738 1124 2819 puguantio'.
1168 2740 1232 2801 Nee
1260 2740 1426 2820 quidquam
1452 2740 1562 2818 proliei

479 2842 689 2916 allirmobant,
713 2841 739 2901 si
762 2841 830 2919 quis
852 2847 1020 2915 statueret,
1043 2861 1136 2920 quum
1159 2862 1211 2904 res
1224 2845 1399 2924 complures
1420 2843 1563 2905 sensibus

480 2954 643 3027 perceptas
658 2945 717 3005 iam
734 2946 835 3005 auimo
847 2946 1055 3018 intueremur,
1078 2945 1176 3007 rideri
1195 2948 1297 3007 ideam
1317 2949 1347 3009 in
1371 2946 1564 3007 omnibusne

466 3051 608 3131 ¹singulis
623 3049 744 3122 inesse,
767 3048 798 3107 ιιι
815 3068 914 3127 eoque
927 3067 1030 3108 seram
1042 3048 1089 3109 rei
1101 3033 1251 3109 rationem
1269 3066 1339 3109 ease
1355 3049 1560 3126 conspicuam.

480 3155 554 3214 Nam
571 3154 623 3231 qni
638 3153 771 3230 speeiem
788 3171 891 3211 rerum
907 3171 965 3230 per
978 3170 1013 3211 aa
1026 3170 1167 3211 seorsum
1188 3152 1393 3221 collocarent,
1415 3150 1561 3219 Ιιιιιιιιιιιιι-

479 3277 540 3334 que
555 3274 635 3315 naono
649 3254 740 3313 etiam
757 3274 794 3313 ex
806 3256 900 3317 rebus
916 3257 1093 3334 perceptam
1110 3260 1264 3331 ponerent
1274 3270 1331 3331 per
1348 3270 1383 3311 se
1403 3270 1483 3324 esse,
1506 3273 1561 3314 eos

480 3357 662 3418 dictitabant
674 3358 711 3417 ad
726 3360 886 3436 utriusque
906 3359 995 3419 iaicas
1017 3357 1278 3433 comparationem
1292 3355 1351 3414 alia
1370 3354 1472 3415 denuo
1492 3354 1562 3417 idea

478 3461 629 3539 ludigero,
645 3481 703 3538 qua
719 3462 839 3522 illarum
853 3460 898 3521 ris
913 3467 943 3519 et
955 3464 1064 3520 natura
1076 3459 1315 3520 discerneretur.
1345 3458 1463 3519 Deinde
1475 3458 1561 3521 ideae

477 3566 553 3625 istas
568 3566 611 3624 ita
633 3585 689 3644 per
712 3583 746 3625 se
763 3582 903 3625 seorsum
922 3562 1087 3622 collocatas
1103 3580 1160 3622 nec
1182 3556 1335 3641 νοήματα
1357 3563 1423 3624 sive
1444 3566 1561 3642 cogita-

392 3666 395 3673 “
477 3670 579 3729 tiones
595 3686 665 3729 esse
683 3688 775 3747 posse
790 3667 920 3727 aiebant.
963 3665 1108 3743 Alioquin
1130 3666 1211 3727 enim
1233 3666 1465 3727 concedendum
1480 3668 1560 3741 lore,

478 3773 559 3852 quod
579 3779 663 3831 esset
677 3770 949 3837 absarrdisslmum,
970 3773 1024 3826 aut
1042 3771 1143 3829 omnis
1165 3789 1203 3831 ea
1228 3771 1466 3849 cogitationibus
1488 3791 1560 3833 con-

477 3884 561 3935 stare
579 3875 712 3956 ideoque
726 3870 918 3949 intelligendi
937 3867 1085 3931 securitate
1106 3873 1253 3950 gaudere
1266 3880 1321 3933 aut
1341 3893 1403 3947 res,
1427 3893 1520 3951 quum
1543 3895 1561 3933 e

478 3980 654 4040 notionibus
678 3977 902 4043 corrsiaierent,
930 3978 1033 4036 temen
1062 3975 1270 4054 intelligentis
1291 3995 1362 4036 esee
1383 3976 1559 4036 destitutas.

477 4082 576 4142 Porro
595 4079 775 4142 eliamlllud
794 4076 1021 4155 improbabant,
1043 4080 1126 4159 quod
1144 4078 1231 4139 Plato
1252 4078 1451 4149 defendebat,
1474 4078 1559 4139 ldeas

477 4188 507 4245 iu
531 4206 632 4245 rerum
657 4189 764 4243 natura
786 4181 873 4258 quasi
892 4184 1077 4260 exemplaria
1091 4183 1239 4262 quaedam
1255 4182 1429 4262 propositas
1442 4188 1559 4255 extare,

477 4291 514 4350 ad
539 4306 667 4368 quorum
690 4283 923 4346 similitudinem
944 4306 997 4347 res
1019 4287 1077 4348 sub
1100 4305 1209 4348 sensus
1225 4286 1370 4346 cadentes
1390 4292 1495 4346 essent
1508 4306 1559 4346 ea-

476 4409 602 4473 prcasee
623 4396 655 4447 et
678 4386 897 4450 coulormalae.
942 4391 1018 4451 Nam
1040 4390 1098 4450 bae
1122 4409 1215 4466 quum
1228 4392 1270 4451 ita
1282 4410 1342 4450 non
1358 4398 1487 4467 possent
1498 4411 1561 4451 ιιοιι

476 4492 701 4570 exemplaribus
725 4493 786 4565 illis¹
808 4494 944 4555 existere
966 4512 1096 4574 prorsus
1118 4493 1308 4565 consimiles,
1332 4492 1369 4553 ad
1391 4511 1457 4553 eam
1475 4494 1560 4554 simi-

478 4598 638 4660 litudinem
661 4595 881 4660 aeutirnaudam
905 4599 1161 4677 indicandamque
1190 4595 1252 4657 alla
1271 4614 1349 4677 opus
1370 4597 1439 4661 lore
1462 4617 1561 4676 eaquae
