3775 5442
614 1292 856 1407 LIBER
896 1290 1215 1408 PRIMUS.

395 1521 715 1635 Argumentum
743 1523 1016 1610 Parmenidis
1045 1536 1271 1609 enarratur
1301 1537 1404 1631 atqu

785 1659 1044 1744 illustratur.
1385 1688 1388 1694 ·

723 1978 1200 2056 scotici.-

377 2147 481 2228 Agitur
501 2145 537 2207 dc
558 2145 626 2208 iibri
654 2151 812 2227 prooemio.
860 2147 1008 2220 Quaedam
1036 2145 1073 2207 dc
1099 2144 1364 2224 interlocutoribus.
1405 2144 1451 2205 ilc

461 2235 592 2292 Zenonis
613 2233 733 2294 Eleatae
753 2239 861 2314 placito
882 2237 1023 2313 quodam,
1054 2234 1146 2309 deque
1172 2229 1239 2290 Uno
1262 2231 1450 2292 Parmenidis.

462 2319 508 2377 Dc
535 2319 715 2378 Parmenidi·
743 2323 930 2382 sdremariis.
986 2321 1069 2380 Zeno
1096 2336 1155 2395 quo
1187 2317 1274 2376 modo
1312 2319 1450 2397 megistri

461 2407 637 2464 sententiam
657 2406 828 2467 defenderit

378 2535 550 2664 Loquens
578 2581 734 2647 inducitur
760 2586 792 2649 iu
821 2585 974 2667 principio
1002 2583 1155 2648 sermonis
1187 2578 1361 2660 cephslus,
1397 2580 1453 2660 qui

378 2694 579 2759 familiaribus
608 2696 709 2777 ipsum
740 2697 834 2761 tacite
862 2698 1059 2760 audientibus
1094 2695 1270 2758 universum
1304 2692 1452 2773 colloquii

380 2802 592 2875 argumentum
612 2799 747 2879 exponit.
789 2799 850 2860 Est
871 2800 954 2860 enim
980 2800 1033 2860 hic
1059 2799 1199 2876 dialogus
1228 2797 1318 2876 plane
1339 2795 1451 2877 διηγη-

381 2891 541 2979 ματικός.·
575 2918 753 2981 quamquam
779 2903 893 2963 deinde
914 2901 1036 2964 sublsts
1062 2899 1212 2961 orationis
1240 2897 1364 2956 aliunde
1385 2916 1453 2958 aua-

380 3021 495 3082 perrsae
522 3001 621 3063 forms
648 3004 693 3065 ita
724 3005 898 3068 instituitur
935 3003 1143 3085 colloquium,
1179 2998 1266 3089 quasi
1300 3015 1353 3059 res
1382 3015 1455 3057 rere

378 3109 506 3184 agatur,
526 3124 588 3166 non
606 3114 785 3186 exponetur.
815 3109 928 3172 Narrat
942 3110 1040 3189 igitur
1054 3103 1219 3186 Cephalon,
1241 3122 1278 3166 sc
1289 3099 1453 3181 aliquando

379 3227 439 3268 una
467 3227 534 3269 cum
561 3208 764 3272 familiaribus
793 3213 977 3290 quibusdum
999 3206 1208 3281 Clazomenis,
1239 3207 1271 3268 in
1293 3224 1353 3285 qua
1374 3203 1453 3265 urhe

377 3330 483 3371 rerum
510 3331 635 3372 suarum
662 3312 828 3375 habuerint
857 3313 1061 3388 domicilium,
1093 3310 1231 3373 Athenas
1252 3325 1451 3370 commeasse.

376 3413 424 3476 lbi
453 3422 616 3495 postquam
643 3415 838 3490 advenerint,
866 3416 951 3479 forte
972 3416 1098 3477 fortuna
1120 3413 1284 3487 accidisse,
1315 3418 1349 3473 ut
1370 3409 1452 3490 apud

377 3517 483 3579 iorum
510 3518 676 3580 inciderint
703 3519 736 3581 ln
761 3518 959 3581 Adimantum
980 3525 1013 3580 et
1034 3518 1233 3580 Glauconem.
1277 3517 1345 3594 Quo
1366 3513 1451 3574 iacto

376 3621 462 3682 illico
484 3641 555 3682 sese
575 3623 614 3682 ah
636 3623 675 3685 iis
696 3623 844 3703 petiisse,
866 3630 901 3684 ut
922 3622 983 3686 sibi
1004 3639 1117 3682 nomen
1135 3619 1243 3682 iratris
1265 3619 1403 3699 ipsorum
1415 3635 1452 3676 ex
1530 3662 1535 3674 .

376 3732 476 3785 matre
497 3725 529 3784 in
546 3732 681 3786 mentem
702 3731 893 3800 revocarent,
915 3725 1000 3806 quod
1016 3730 1148 3807 propter
1164 3724 1291 3803 longum
1302 3719 1452 3800 temporie

377 3828 591 3902 intervallum,
613 3847 651 3890 cx
662 3849 723 3909 quo
739 3829 826 3890 illum
842 3833 1001 3908 postremo
1014 3829 1155 3903 ridisset,
1177 3827 1237 3887 ism
1248 3841 1310 3884 non
1322 3821 1452 3901 amplius

376 3931 559 3994 recordatus
581 3931 631 3993 sit.
673 3930 886 4015 Respondisse
906 3930 996 4008 illos,
1018 3949 1130 3994 nomeu
1151 3928 1269 3992 homini
1284 3945 1353 3989 esse
1366 3924 1453 3988 Anti-

377 4033 498 4114 phonti.
541 4037 611 4115 Quo
634 4035 740 4096 audito
762 4053 797 4097 ae
819 4053 887 4096 conr
900 4035 939 4098 iis
952 4035 1086 4098 vicissim
1098 4053 1236 4097 causum
1251 4028 1454 4093 communior-

378 4137 478 4213 visse,
500 4156 556 4199 cur
572 4156 653 4199 nunc
668 4138 770 4199 denuo
783 4137 861 4198 illud
874 4139 983 4201 audire
994 4139 1137 4201 soluerit.
1179 4135 1358 4201 Fsmlliares
1373 4129 1453 4192 enim

381 4260 471 4316 suos,
493 4241 637 4304 homines
649 4241 866 4323 philosophiae
882 4241 972 4303 valde
984 4249 1137 4318 amantes,
1158 4241 1241 4302 lama
1253 4243 1287 4299 et
1298 4234 1455 4298 codicione
1474 4247 1475 4250 ’

382 4342 554 4423 recepisse,
588 4345 812 4430 Antiphontem
837 4345 931 4410 istum
958 4345 1033 4411 olim
1061 4343 1255 4406 ismilicriter
1275 4359 1364 4403 usum
1386 4357 1455 4402 esse

381 4446 564 4528 Pythodoro
593 4450 743 4528 quodam,
776 4449 911 4510 Zenonis
938 4448 1067 4511 Eleatse
1096 4446 1212 4518 amico,
1246 4463 1303 4524 per
1325 4460 1456 4521 eumque

384 4551 563 4630 cognovisse
592 4571 767 4615 sermonem
793 4550 957 4629 aliquando
985 4550 1067 4612 istor
1097 4549 1271 4622 Zenonem,
1298 4548 1457 4610 Socratem
