3775 5442
321 726 323 731 ,
450 663 492 727 lt
782 660 867 720 Liber
887 662 1008 738 primur.
1049 659 1149 722 Scotio
1172 663 1194 722 Ι.

449 833 631 898 universalis
659 832 761 908 notio,
795 850 887 913 quam
916 831 1072 895 mentibus
1094 835 1210 896 nostris
1233 835 1437 916 concipimus,
1469 854 1530 896 una

448 944 498 1000 est
525 945 619 1017 atque
646 936 792 1016 simplex,
821 936 865 996 ita
891 935 965 1011 ilie,
1004 936 1077 1015 qula
1087 936 1171 998 =huic
1192 938 1303 1000 meotis
1324 938 1456 1000 notitiae
1476 957 1529 1001 ex·

404 1035 407 1040 ’
447 1046 569 1102 ternum
590 1056 713 1118 quoqne
734 1038 876 1100 sttribult
895 1038 1077 1115 veritaoem,
1104 1040 1196 1102 etiam
1219 1038 1336 1105 οὐσίαν
1356 1041 1455 1122 ipsam
1476 1060 1530 1104 vo-

446 1144 508 1206 luit
527 1162 620 1204 unam
640 1160 711 1203 ease
731 1141 887 1220 nullisque
907 1140 1018 1203 formis
1032 1146 1086 1204 aut
1096 1143 1339 1223 proprietatibus
1353 1143 1530 1205 distinctam

310 1230 313 1235 ¹
448 1250 482 1308 ct
502 1245 599 1307 veluti
620 1249 769 1306 ornatum.
812 1243 923 1306 Fuisse
943 1243 1025 1306 hanc
1051 1244 1149 1326 ipsius
1170 1248 1354 1309 sententium
1375 1252 1530 1310 testantur

447 1348 593 1410 versiculi
614 1345 656 1409 on
672 1355 705 1410 et
717 1367 784 1429 sqq.
807 1349 890 1430 opud
904 1348 1116 1410 Brundisium:
1166 1341 1298 1413 Τούτόν
1319 1347 1424 1413 d'tcri
1441 1357 1531 1413 νοεῖν

448 1451 563 1515 τεκαὶ
585 1442 716 1513 οὕνεκὲν
737 1453 827 1514 ἐστιν
849 1444 968 1531 νόημα.
1018 1445 1064 1514 Οὐ
1086 1444 1151 1535 γὰρ
1174 1442 1252 1515 ἄνευ
1267 1454 1328 1517 τοῦ
1348 1452 1472 1525 iocoue,
1495 1453 1530 1515 ἐν

448 1541 477 1636 ᾦ
505 1554 754 1640 πεφατισμένον
781 1553 885 1627 ἐστὶν,
928 1547 1090 1638 Εὐρήσεις
1120 1546 1160 1618 τὰ
1188 1561 1294 1618 νοεῖν·
1340 1546 1529 1638 οὐδὲνγὰρ

447 1656 538 1719 ἔστιν
559 1645 581 1731 ἢ
602 1653 696 1718 ἔσται
722 1645 822 1717 ’uoto
844 1646 950 1739 πάρεξ
971 1656 1032 1717 τοῦ
1055 1650 1178 1731 ἐόντος.
1212 1658 1324 1738 qulbus
1346 1657 1457 1737 cuique
1478 1676 1530 1718 co-

446 1757 591 1839 gitationi
616 1756 734 1836 aliquid
759 1757 933 1818 subiectum
956 1774 1042 1831 csse,
1071 1759 1156 1836 quod
1177 1777 1285 1820 rerem
1305 1760 1364 1835 sit,
1392 1760 1530 1823 luculen-

446 1862 567 1924 tissime
588 1860 763 1922 declaravit
806 1836 910 1937 itque
930 1858 1005 1918 hinc
1025 1856 1118 1920 facile
1140 1861 1353 1940 cognoscitur,
1386 1882 1442 1924 cur
1463 1883 1532 1924 erac

447 1971 541 2045 atque
563 1965 704 2044 cogitare
724 1961 802 2022 nihil
823 1958 952 2023 differre
973 1959 1174 2024 indicaverit:
1202 1962 1235 2023 id
1257 1964 1341 2041 quod
1368 1983 1396 2026 v.
1418 1965 1460 2026 47
1482 1985 1529 2045 sq.

447 2070 494 2133 tic
515 2066 674 2128 enuntiat:
723 2056 799 2148 Χρὴ
821 2054 861 2125 τὸ
886 2061 992 2144 λέγειν
1013 2083 1049 2126 τε
1070 2073 1159 2129 νοεῖν
1179 2057 1272 2129 τ’ἐὸν
1294 2066 1437 2148 ἔμμεναι·
1460 2068 1531 2130 ἔστι

447 2162 514 2254 γὰρ
547 2164 641 2232 εἶναι.
690 2165 768 2227 Nam
795 2167 840 2228 ita
866 2164 944 2228 haec
972 2165 1135 2228 scribenda
1161 2167 1305 2230 videntur
1330 2169 1422 2250 vulgo
1444 2171 1531 2253 turpi

447 2291 556 2336 errore
576 2271 805 2333 commaculata.
847 2269 1000 2331 Nimirum
1032 2288 1088 2331 eus
1114 2270 1192 2332 illud
1222 2290 1312 2332 sunm
1333 2273 1452 2334 censuit
1473 2293 1531 2354 per

447 2374 550 2438 omnia
571 2381 680 2455 patere
702 2378 795 2451 atque
809 2373 909 2459 ,omni
931 2373 1009 2434 odeo
1032 2373 1214 2454 cogitationi
1235 2374 1380 2452 subesse,
1408 2382 1444 2439 ut
1463 2379 1531 2440 sine

446 2478 509 2540 icoc
539 2495 580 2538 ne
615 2475 677 2537 dici
709 2476 835 2554 quidem
867 2476 1037 2555 cogitarire
1064 2476 1231 2558 quidquam
1258 2478 1384 2540 omuino
1412 2465 1530 2560 pos's'et.

446 2600 474 2643 r.
495 2579 643 2642 Konscnu
664 2579 712 2640 lle
726 2580 911 2641 Parmenlde
922 2601 953 2660 p.
967 2579 1031 2641 loa
1044 2599 1089 2659 sq.
1134 2581 1285 2659 Quoniam
1299 2585 1401 2642 cutem
1416 2576 1530 2655 οὐσίας

446 2682 607 2745 notionem
628 2683 706 2744 vidit
720 2683 821 2744 animo
835 2689 955 2745 tuntum
971 2688 1066 2763 atque
1078 2687 1183 2745 mento
1194 2685 1314 2764 concipi
1324 2700 1418 2764 posse
1428 2701 1530 2763 neque

447 2786 541 2849 etiam
563 2785 621 2846 sub
643 2801 768 2846 sensum
789 2786 855 2849 ullo
877 2787 972 2849 modo
994 2786 1123 2862 cadere,
1145 2791 1312 2866 propterea
1334 2787 1417 2862 eius,
1445 2789 1530 2866 quod

446 2907 521 2952 vere
543 2892 642 2963 esset,
665 2888 874 2968 coguitionem
895 2891 950 2951 uni
970 2890 1067 2952 menti
1089 2895 1122 2950 et
1142 2890 1256 2951 rationi
1276 2889 1405 2964 tribuit3
1431 2893 1530 2953 sensi-

435 2993 506 3079 ·bus
527 2990 666 3053 veritatis
687 2992 834 3054 iudicium
848 2991 974 3072 eripuit,
996 2993 1040 3054 ita
1052 2992 1187 3071 quidem,
1209 2999 1245 3055 ut
1258 2993 1297 3054 iis
1315 2995 1529 3056 tautummodo

445 3096 595 3159 incertam
618 3092 770 3172 quandam
791 3093 945 3173 opinionis
968 3095 1103 3173 speciem
1124 3110 1160 3152 sc
1177 3092 1276 3166 ,veluti
1298 3094 1438 3155 umbram
1456 3097 1529 3157 reli-

446 3199 550 3277 quisse
579 3195 729 3255 sidentur.
778 3193 826 3254 lle
852 3212 913 3273 qua
939 3212 976 3255 re
1003 3192 1064 3255 vid.
1086 3192 1217 3255 Braudis
1238 3212 1268 3273 p.
1285 3195 1348 3258 148
1366 3215 1433 3276 sqq.
1456 3200 1526 3264 coli.

445 3299 530 3362 sexo
550 3296 616 3359 vn.
638 3295 709 3357 111.
753 3294 842 3374 uoog.
863 3295 942 3356 uix.
964 3295 1018 3357 aa
1059 3294 1527 3376 Plutarcn.sp.1·}usen.1.8.
1574 3288 1577 3294 ’

443 3401 547 3480 Atque
568 3398 680 3460 hlsita
699 3397 866 3476 exploratis
880 3400 995 3480 duplex
1006 3399 1115 3462 ctutuit
1128 3417 1197 3461 esse
1207 3417 1303 3478 genus
1326 3403 1474 3466 scientiae
1494 3412 1528 3468 et

445 3502 646 3584 cognitionis:
667 3502 809 3578 alterum,
832 3504 916 3582 quod
930 3502 1022 3564 unice
1033 3501 1072 3563 ad
1085 3501 1163 3562 iilud
1176 3504 1358 3582 pertineret,
1378 3509 1461 3586 quod
1473 3509 1527 3570 ab·

445 3610 549 3671 solute
561 3611 644 3666 esset
660 3605 790 3684 solaque
808 3613 913 3669 mente
925 3606 1258 3687 comprehenderetur3
1280 3609 1422 3686 alterum,
1443 3612 1527 3690 quod

445 3710 705 3789 complecteretur
715 3709 840 3772 rea'sub
855 3728 965 3774 sensus
980 3710 1144 3784 subiectos,
1168 3712 1313 3792 quodque
1331 3712 1409 3773 nihil
1421 3712 1527 3776 cilice-

443 3820 495 3878 rot
509 3804 568 3875 ni'si
586 3807 689 3889 δόξαν
703 3812 870 3892 quandum,
892 3813 955 3877 hoc
970 3816 1030 3888 est,
1051 3813 1200 3875 incertam
1218 3814 1436 3893 opinationem.
1479 3816 1527 3876 lio

445 3937 506 3999 qua
534 3935 571 3978 re
599 3915 711 3977 cecinit
730 3934 777 3976 vv.
797 3914 958 3980 21-88.
980 3933 1029 3997 ap.
1049 3916 1208 3993 litandis,
1237 3919 1291 3979 ubi
1311 3937 1380 3980 mes
1401 3918 1526 3998 quidem

445 4019 599 4085 scntmtia
620 4017 711 4080 ott.
734 4018 900 4098 legendum
928 4024 995 4081 estc
1025 4013 1130 4101 μόνος
1157 4018 1192 4083 δέ
1223 4044 1260 4101 γε
1286 4021 1403 4104 μῦθος
1432 4017 1525 4084 ὁδοῖο

445 4123 606 4196 λείπεται,
640 4122 733 4184 sicuti
760 4128 809 4185 est
834 4142 863 4185 v.
881 4120 924 4184 58
944 4141 991 4202 sq.
1019 4141 1112 4201 quum
1132 4123 1226 4203 arrigo
1248 4117 1363 4206 θυμός
1384 4125 1417 4186 in
1437 4124 1544 4186 libris.

444 4225 691 4288 drcumieratur.
733 4226 841 4305 ltsquc
861 4226 956 4287 etiam
976 4225 1119 4287 curminis
1143 4219 1381 4312 περὶφύσεως,
1408 4227 1441 4288 in
1463 4245 1525 4306 quo
1594 4244 1596 4249 ·

445 4347 568 4392 omnem
590 4328 761 4391 doctricem
782 4346 870 4389 suam
891 4328 1072 4408 explicavit,
1105 4329 1181 4390 duaa
1203 4329 1280 4392 iecit
1300 4335 1421 4410 partes,
1450 4348 1526 4408 qua·

444 4451 514 4495 rum
536 4433 634 4495 altera
656 4429 717 4494 init
737 4430 778 4492 de
800 4429 867 4492 eius
880 4431 965 4510 qnod
982 4450 1056 4493 vere
1072 4439 1157 4496 esset
1169 4439 1278 4496 natura
1292 4438 1325 4494 et
1336 4432 1524 4513 cognitione,

445 4533 544 4595 altera
565 4533 606 4595 de
626 4534 778 4620 sapientia
798 4553 836 4597 ex
856 4534 1004 4615 opinione
1024 4555 1212 4616 persensus
1233 4542 1267 4599 et
1283 4536 1526 4600 verisimilitudi-

444 4654 515 4699 nem
537 4637 677 4700 oriuuda
719 4640 755 4703 id
777 4639 861 4721 quod
882 4656 902 4699 e
922 4657 1020 4705 veras.
1041 4638 1192 4702 24-80.
1215 4658 1263 4720 sp.
1284 4638 1396 4704 Brund.
1418 4641 1524 4706 clerio-
