3775 5442
662 652 746 712 Liber
767 656 884 730 primun.
929 652 1030 714 Sectio
1052 656 1086 714 t’.
1360 659 1423 723 105

329 828 512 889 omerio
539 826 741 904 concoquitur
757 826 800 901 *).
855 826 959 905 Atque
991 827 1041 889 liin
1074 827 1232 906 expiicotin
1260 831 1423 893 evidenter

328 935 483 1010 nppnret,
505 945 599 989 unum
619 928 718 1003 iilud,
740 928 824 1008 quod
838 946 906 988 cum
921 931 1057 991 eencntie
1078 931 1232 993 ertineime
1245 935 1421 1013 copulatum

329 1040 382 1097 eet
409 1031 657 1107 necueitndine‚
688 1032 792 1111 utique
820 1032 880 1094 inm
902 1033 966 1095 trie
986 1033 1130 1113 prodire,
1159 1034 1243 1113 quod
1265 1039 1421 1115 cognosci,

329 1138 418 1218 quod
441 1137 589 1218 opinione
612 1144 645 1198 ct
666 1155 757 1198 neueu
781 1138 913 1216 percipi,
940 1138 1023 1217 quod
1054 1138 1222 1211 nominem,
1251 1141 1334 1218 quod
1365 1142 1420 1201 de-

329 1240 429 1303 ncribi
455 1260 493 1303 ne
520 1240 661 1315 definiri,
698 1241 833 1320 denique
860 1242 944 1319 quood
966 1240 1069 1303 omnin
1091 1260 1127 1300 on
1149 1240 1234 1300 ferre
1256 1242 1420 1304 dicendum

330 1345 390 1419 nit,
415 1362 495 1422 qm
516 1342 548 1404 in
569 1353 673 1407 oeten
696 1364 819 1424 quoque
841 1346 954 1407 cedere
975 1344 1250 1424 irrdicovimun‘*).

418 1548 507 1609 flnee
526 1548 624 1628 igitur
645 1550 780 1610 reccrnde
802 1557 851 1611 ent
873 1569 944 1629 pern
965 1550 1184 1629 disputetionic
1197 1547 1422 1611 Pemenideeo

331 1650 607 1732 unepernbecun
618 1652 672 1713 ἱΙΙι
684 1660 776 1731 etque
784 1653 1196 1714 diffleuitrubucdiueuictn
1207 1652 1290 1713 houd
1302 1652 1420 1731 exigui·

332 1754 463 1816 referte.
508 1756 605 1833 Quom
629 1755 753 1834 quidem
775 1757 880 1836 pnuiio
902 1756 1024 1836 pieniue
1047 1757 1249 1836 etcopioniun
1265 1774 1354 1834 quom
1368 1775 1421 1816 nu-

333 1858 492 1937 periorcm
515 1859 739 1932 enarravimus,
763 1879 824 1939 quo
847 1860 896 1921 vet
919 1865 1076 1919 contorum
1098 1862 1144 1921 rte
1158 1857 1421 1951 concinniuucmp

333 1982 402 2023 rum
425 1962 549 2023 ieciiinn
570 1964 802 2042 perciperetur,
824 1965 873 2024 rel
894 1963 981 2038 ciue,
1004 1982 1094 2042 quem
1117 1963 1265 2042 deincepn
1288 1961 1422 2039 explice-

335 2066 398 2126 tnri
418 2085 537 2140 numne,
560 2069 733 2128 cententiee
746 2069 881 2129 retionce
895 2069 943 2128 ret
956 2069 994 2128 eb
1006 2068 1055 2142 iin,
1078 2069 1130 2146 qui
1142 2067 1243 2146 iprum
1258 2064 1420 2126 Platonem

333 2169 488 2249 rupicem
511 2169 670 2250 dedignari
692 2178 811 2245 cuent,
843 2172 989 2252 cognosci
1015 2177 1145 2250 poencut
1166 2177 1259 2250 etque
1280 2167 1419 2230 iudiceri.

332 2273 485 2335 Nolumus
509 2272 591 2334 enim
620 2273 734 2336 imitori
761 2276 922 2336 doctorum
953 2276 1145 2355 quorundum
1167 2273 1327 2334 homiuum
1348 2288 1420 2348 per-

332 2395 454 2437 ιιιιιιι
476 2395 553 2438 eene
568 2378 714 2456 ndeoque
727 2379 839 2441 titterin
857 2380 1061 2459 perniciosum
1075 2375 1344 2443 consuetudinem,
1367 2373 1420 2451 qrri

332 2479 434 2541 niani
455 2481 529 2559 quid
553 2480 746 2542 nentieudum
770 2485 827 2557 cit,
849 2485 960 2563 inopen
982 2481 1104 2543 consilii
1125 2480 1270 2552 haerent,
1299 2494 1338 2536 ue
1360 2474 1420 2536 eci-

332 2584 410 2646 licet
435 2582 513 2646 nihii
542 2584 657 2646 ridicae
684 2587 911 2661 existimentur,
942 2586 1074 2647 obscure
1096 2586 1266 2663 loquuntur
1287 2588 1321 2640 et
1349 2597 1420 2657 per·-

334 2689 443 2769 piexe,
470 2687 566 2748 veluti
587 2688 712 2748 errbtiiin
739 2675 888 2768 qrrnednm
909 2691 1010 2751 tuonin
1040 2688 1220 2748 diniecticee
1248 2682 1421 2743 celementn

334 2791 443 2853 dubii·
470 2790 624 2851 mentibus
653 2791 766 2852 ceitido
792 2800 1018 2871 proetexenten.
1068 2793 1136 2868 Qun
1157 2787 1281 2848 rofrido
1301 2792 1422 2846 uotum

336 2896 447 2967 ebert,
467 2900 503 2952 nt
521 2894 633 2953 litteris
656 2913 729 2954 rere
749 2894 898 2956 efferetur
920 2894 1054 2965 utilitoc,
1079 2899 1113 2952 ut
1134 2891 1299 2968 plurimum
1318 2886 1421 2947 domni

337 2995 417 3059 inde
437 2995 566 3071 orietur,
597 3004 763 3077 propterea
786 2997 870 3077 quod
897 2996 942 3056 ito
965 3014 1043 3073 qrrne
1065 2993 1192 3073 egregie
1213 2994 1356 3051 contexte
1376 2989 1422 3048 vi-

335 3102 486 3175 deentur,
508 3101 611 3162 duno
633 3103 801 3162 retexendo
823 3104 896 3174 nunt
909 3118 971 3160 nou
983 3099 1050 3159 niue
1064 3097 1184 3157 ircudin
1197 3099 1289 3171 etque
1305 3090 1422 3152 errorin

334 3204 486 3287 periculo.
529 3203 593 3265 Sed
615 3205 831 3283 experiemur,
861 3203 974 3283 ecquid
996 3202 1074 3264 tucio
1096 3206 1204 3262 nostre
1227 3214 1324 3277 opere
1350 3195 1422 3255 loco

334 3328 412 3371 eene
433 3307 654 3369 obscurissimo
676 3306 839 3368 eiiuudere
860 3308 1025 3387 ponnimue.

421 3411 604 3490 Prionquem
637 3418 738 3469 auteur
775 3410 813 3469 nd
849 3409 1060 3490 explicandam
1097 3403 1422 3484 interpretendomque

335 3515 509 3575 unirercem
539 3514 618 3573 innoc
644 3513 883 3592 diepotetioncm
913 3514 1114 3583 accedemus,
1143 3525 1272 3587 prorrun
1294 3523 1423 3566 ncceeno

336 3625 386 3680 ent
406 3623 443 3678 ut
456 3617 624 3696 diligenter
635 3617 841 3694 exquiramus,
866 3635 1014 3695 qrrneunm
1027 3615 1170 3675 notione·
1188 3610 1346 3673 errbiectne
1359 3610 1423 3670 sint

336 3723 397 3782 τοῦ
419 3713 495 3794 ἑνὸς
518 3712 615 3792 ὄντος
638 3729 731 3797 omne
751 3722 819 3780 τῶν
833 3711 943 3780 ἄλλων
957 3719 1023 3778 nire
1035 3720 1099 3779 τῶν
1120 3719 1238 3796 ἑτέρων
1252 3711 1421 3785 vocobnlie,

336 3826 454 3903 quippe
475 3824 587 3902 qrribue
611 3842 647 3883 ee
667 3823 896 3902 significentur,
927 3823 959 3882 in
982 3822 1094 3900 qrribun
1117 3816 1312 3897 explorandis
1335 3815 1422 3876 indn-

337 3928 510 4007 gnudnque
538 3925 635 3986 totino
664 3925 755 3987 herine
783 3925 1002 4005 disputationis
1030 3922 1125 3982 vetuti
1155 3920 1248 3980 cordo
1279 3921 1421 3979 vertitur.

338 4030 413 4089 Nem
437 4049 532 4108 quum
559 4029 634 4091 tnde
660 4029 699 4090 eb
727 4029 816 4090 initio
846 4031 886 4091 de
914 4049 975 4090 uno
1012 4033 1082 4088 cute
1113 4025 1320 4101 disceptetur,
1355 4028 1421 4080 tum

338 4131 411 4193 inde
432 4152 452 4192 ι
473 4151 541 4212 pag.
566 4135 637 4194 loo.
659 4133 695 4193 ii.
717 4134 809 4194 etiem
833 4136 899 4195 τῶν
920 4127 1031 4194 ἄλλων
1052 4130 1188 4190 iniioitur
1209 4127 1343 4197 mentio,
1366 4122 1423 4183 do-

338 4243 489 4315 ceturque
509 4236 592 4297 tnter
613 4235 691 4296 hoco
712 4244 805 4316 etque
825 4235 902 4297 itiud
924 4234 1039 4295 rnrinm
1061 4251 1097 4292 ec
1112 4230 1312 4308 multiplicem
1327 4227 1423 4286 iuter-

338 4338 453 4400 cedere
481 4339 728 4402 coniunctionem
764 4345 796 4399 et
831 4337 1100 4398 necessitudinem.
1157 4329 1423 4410 Quemadmodum

337 4444 436 4523 igitru
457 4443 526 4505 ficri
548 4460 611 4504 non
631 4450 752 4522 potent,
775 4448 809 4503 ut
832 4441 993 4504 noirernee
1015 4436 1233 4521 disputetionio
1253 4434 1313 4495 vim
1329 4433 1424 4494 retio-

392 4665 436 4725 ”p
454 4662 485 4713 Ρ.
504 4659 565 4712 iiiii.
582 4663 613 4711 ti.
