3775 5442
825 661 991 721 Conclusio.
1388 658 1451 723 tio

362 829 580 910 philosophiae
602 831 795 910 disciplinam
817 832 996 893 redundet?
1018 831 1183 892 Enimvero
1206 829 1358 891 variarum
1381 848 1452 891 aen-

363 932 529 994 teotlarnm
558 934 599 994 de
633 953 694 995 una
722 934 893 1013 eademque
927 954 963 995 re
1001 934 1083 995 loter
1117 953 1188 995 sese
1220 932 1452 1013 comparatione

362 1052 588 1114 saepenumero
616 1038 708 1100 citius
735 1038 868 1117 emergit
897 1037 1030 1111 veritae,
1067 1055 1158 1116 quam
1188 1035 1330 1096 eiusdem
1360 1054 1452 1116 arga-

362 1136 459 1196 mentl
481 1137 685 1200 meditatione
707 1138 955 1219 diligentissima,
978 1157 1057 1218 quae
1079 1140 1252 1199 alienorum
1264 1135 1451 1199 iudiciorum

361 1239 516 1300 incuriosa
538 1245 596 1302 est.
618 1241 770 1304 Nolumus
794 1243 950 1304 tamenin
972 1240 1129 1322 praesenti
1151 1239 1182 1299 ln
1204 1237 1287 1301 hunc
1308 1256 1451 1318 campum

363 1340 454 1402 latius
484 1343 667 1423 exspatiari,
702 1363 741 1405 oe
769 1362 827 1424 pcc
858 1345 969 1409 nimias
1003 1343 1149 1423 ambages
1178 1341 1309 1403 ducatur
1337 1342 1449 1403 orello.

361 1440 465 1505 Satius
504 1446 566 1507 erit
600 1446 727 1508 tandem
764 1447 928 1526 aliquando
959 1466 996 1508 ex
1028 1444 1089 1506 hon
1125 1442 1302 1523 labyrintho
1335 1442 1449 1522 pedem

360 1547 525 1622 extulisse,
555 1549 588 1609 io
615 1567 677 1627 quo
705 1549 874 1611 verendum
898 1557 948 1611 eat
967 1567 1009 1610 ne
1029 1546 1077 1607 vel
1100 1547 1145 1608 alc
1166 1545 1294 1607 nimium
1316 1544 1371 1606 diu
1392 1545 1449 1606 nb-

359 1648 514 1710 erravisae
537 1649 706 1712 videamur.

445 1748 531 1810 Haec
561 1750 658 1831 lgltur
686 1752 865 1828 habuimus,
901 1771 982 1831 quae
1014 1752 1055 1813 de
1082 1749 1222 1812 Platoola
1254 1746 1448 1822 Parmenide,

357 1851 473 1931 quodi
499 1869 574 1913 aare
602 1859 634 1915 at
660 1843 822 1936 magnilica
850 1857 966 1917 veteris
998 1853 1215 1935 philosophiae
1237 1854 1448 1926 monumento,

356 1961 646 2018 commentaremur.
707 1961 795 2039 Quae
815 1961 843 2021 si
866 1956 968 2020 doctla
990 1961 1023 2016 et
1043 1955 1187 2018 humanis
1208 1950 1364 2013 iudicibus
1387 1970 1449 2014 non

357 2065 489 2134 proraos
517 2056 748 2138 displicuerint,
781 2059 879 2124 studii
900 2077 1066 2139 coaequam
1090 2055 1228 2120 diflicilia
1250 2072 1286 2114 ac
1308 2052 1448 2116 diuturni

357 2158 528 2238 praemium
550 2161 626 2224 aetla
647 2181 792 2244 magnum
815 2171 996 2245 reportasse
1016 2161 1210 2230 videbimur3
1243 2155 1292 2219 alo
1315 2155 1447 2219 meliora

357 2259 573 2338 edocebimur,
600 2263 694 2327 facile
721 2284 779 2328 noa
806 2265 955 2347 redargui
976 2263 1144 2343 refellique
1165 2260 1329 2342 patiemur.
1374 2258 1445 2321 Noc

358 2362 440 2425 enlm
470 2363 611 2442 cupimus
638 2367 671 2426 io
697 2383 806 2428 eornm
838 2369 950 2431 haberi
971 2383 1118 2439 numero,
1149 2364 1203 2442 qui
1225 2360 1389 2423 sententiis
1412 2366 1446 2423 et

358 2463 556 2544 opinionibus
586 2467 651 2529 aule
679 2468 759 2532 adeo
781 2477 855 2532 sunt
882 2468 999 2532 addicti
1027 2471 1060 2528 et
1088 2465 1176 2543 qnasi
1198 2464 1387 2537 consecrati,
1408 2467 1446 2524 ut

356 2566 546 2629 mnatantiae
574 2569 719 2632 videlicet
740 2571 839 2652 gratia
861 2572 954 2632 etiam
977 2588 1014 2629 ea
1035 2572 1200 2638 tueantur,
1222 2581 1302 2642 quae
1317 2564 1445 2625 delendi

355 2667 441 2730 nullo
462 2675 553 2750 panto
575 2679 705 2750 queant:
727 2673 887 2752 sequimur
908 2670 1012 2752 potina
1035 2667 1219 2750 probabilia,
1240 2672 1275 2726 ut
1294 2672 1326 2728 et
1347 2665 1443 2728 reiel-

354 2770 422 2834 lere
443 2771 512 2835 siae
534 2775 703 2853 pertinacia
724 2784 757 2838 et
777 2771 882 2834 reielll
904 2773 972 2834 elne
992 2770 1150 2833 iracundia
1172 2769 1272 2847 parati
1294 2769 1400 2830 aimus.
