3775 5442
471 631 536 699 lit
797 626 885 690 liber
904 578 1024 706 orimur.
1066 624 1168 689 Seotiu
1187 625 1235 687 vl.
1285 714 1288 726 ἱ

469 801 499 875 d
524 797 730 883 probabiliter
755 799 998 882 disputavimus,
1030 797 1251 880 philoeophum
1278 801 1420 879 apertum
1451 798 1555 861 estin

470 902 691 986 dispertiendis
720 903 802 967 entle
829 903 998 966 virtutibus
1028 921 1067 963 ex
1092 901 1247 964 relatione
1266 904 1425 982 taupennis
1444 921 1572 964 rureuav

470 1008 517 1072 lte
538 1026 609 1071 erae
630 1011 795 1080 versutum,
817 1010 854 1067 ut
876 1005 926 1067 rel
947 1005 1139 1067 substantiae
1160 1012 1194 1066 et
1215 1005 1383 1085 qualitatis,
1404 1005 1453 1067 vel
1473 1006 1555 1066 rela-

470 1113 582 1188 mnu,
603 1111 654 1173 rel
675 1109 854 1190 quontitatia
874 1108 1028 1170 rationem
1039 1108 1194 1171 habuerit.
1245 1109 1278 1170 ln
1299 1128 1361 1194 quo
1372 1113 1406 1168 et
1416 1106 1484 1188 lpeo
1498 1107 1555 1169 de-

469 1215 692 1298 prehendimur
713 1212 846 1291 aliquam
868 1231 937 1274 eum
960 1211 1140 1276 Ariatotellr
1160 1211 1296 1280 decretis
1310 1210 1554 1273 consensionem.

556 1319 643 1397 Quae
665 1334 758 1395 quum
779 1314 825 1376 lta
845 1315 923 1391 aiut,
944 1316 1030 1378 haud
1051 1333 1126 1380 etue
1146 1314 1253 1394 inepte
1280 1314 1433 1376 Atrinum
1451 1315 1484 1376 lu
1505 1313 1555 1375 ln-

469 1421 569 1486 atum
590 1421 631 1482 ad
651 1419 758 1482 llootr.
780 1416 861 1481 Plat.
882 1436 908 1483 e.
921 1420 952 1483 d.
974 1439 1005 1500 p.
1021 1419 1072 1484 95.
1096 1419 1146 1482 ed.
1167 1417 1307 1480 Fleelaer.
1328 1417 1454 1494 eerlblt,
1483 1416 1555 1479 Pla-

469 1531 576 1590 tanen
604 1523 638 1587 lu
664 1520 853 1586 Permeulde
879 1527 913 1583 et
942 1522 974 1584 ln
996 1521 1064 1584 altis
1086 1520 1219 1602 dialogi·
1240 1520 1347 1584 deoern
1369 1519 1555 1602 oateqorian

470 1646 548 1709 quaa
569 1635 660 1690 autea
680 1643 720 1688 ex
738 1624 921 1690 Arlatotelle
942 1624 1085 1694 dootrlua
1104 1625 1321 1706 explicuimus,
1343 1624 1431 1705 quael
1447 1625 1558 1685 adnm-

458 1732 591 1795 'omae
634 1730 713 1793 Nam
740 1727 799 1792 καὶ
825 1719 895 1811 μὴν
922 1720 984 1804 τὰς
1013 1726 1093 1791 δέκα
1121 1729 1342 1810 κατηγορίας,
1369 1728 1471 1809 lnquit
1490 1729 1556 1804 ille,

471 1834 508 1909 lv,
528 1854 565 1897 ro
591 1832 647 1914 rqi‘
661 1828 858 1920 Παρμενίδῃ
881 1831 939 1894 καὶ
960 1838 1033 1905 τοῖς
1054 1822 1170 1906 ἄλλοις
1190 1830 1363 1910 ὑπέδειξεν.
1406 1833 1450 1896 Et
1468 1830 1501 1892 lu
1520 1848 1558 1892 ea

471 1937 626 2000 rententla
646 1935 740 1998 niam
760 1935 839 1996 alioe
860 1932 976 2009 lulaee,
999 1951 1037 1996 ex
1057 1929 1168 1996 Proeto
1188 1934 1225 1996 T.
1240 1934 1290 1998 Vl.
1312 1955 1344 2016 p.
1356 1936 1409 1999 dd.
1430 1943 1464 1998 et
1485 1936 1559 1997 lut.

470 2039 628 2107 dbolmue.
671 2035 828 2099 l’lotluum
849 2041 953 2097 autern
975 2038 1253 2103 consutionem
1275 2040 1316 2102 de
1337 2039 1419 2101 entie
1435 2037 1559 2119 generi-

440 2149 442 2155 ’
470 2143 531 2207 ltua
558 2138 697 2203 Ennead.
719 2138 771 2203 Vl.
799 2139 871 2203 libr.
889 2138 941 2203 ill.
969 2157 1001 2220 p.
1019 2139 1104 2201 litu
1120 2159 1188 2221 rqq.
1214 2141 1252 2204 Τ.
1265 2142 1301 2205 ll.
1330 2141 1380 2205 ed.
1409 2140 1556 2202 Greuaer.

471 2245 609 2328 quinque
630 2241 804 2323 oategorlaa
816 2260 854 2304 ex
865 2240 1004 2304 Platonle
1022 2244 1175 2305 sententia
1193 2245 1402 2321 constituisse,
1413 2245 1558 2329 auloetau-

470 2351 563 2425 uam,
585 2347 748 2420 aeeldem,
768 2349 903 2420 motum,
924 2350 1058 2423 autum,
1081 2347 1231 2426 quietem
1251 2349 1285 2410 iu
1297 2357 1359 2428 quo
1380 2349 1441 2411 etal
1454 2349 1558 2411 looum

471 2452 639 2533 &phono
656 2470 686 2532 qa.
698 2446 772 2513 ida't
784 2449 822 2521 Ε.
833 2466 901 2529 sqq.
922 2450 1076 2529 ruperit,
1098 2456 1201 2515 tameo
1214 2451 1349 2514 lubinti
1362 2470 1424 2515 nou
1442 2457 1558 2532 potent,

471 2557 547 2639 quin
586 2554 680 2641 etleru
720 2551 935 2615 Permenidern
979 2562 1121 2616 uontrurn
1164 2557 1204 2618 ob
1251 2556 1360 2619 oculor
1402 2554 1559 2617 habuerit.

472 2661 664 2740 Quamquam
686 2675 767 2739 quae
787 2657 840 2720 lale
859 2655 923 2719 allo
945 2657 1076 2720 oonsilio
1098 2659 1219 2740 aliaque
1242 2661 1364 2722 ratione
1385 2658 1558 2739 explloavlt,

472 2780 510 2827 ee
530 2762 636 2826 omnia
654 2760 688 2822 iu
709 2761 805 2824 allum
825 2759 962 2824 detorelt
983 2779 1126 2838 neutum,
1146 2762 1253 2843 prouti
1274 2762 1400 2825 ferebat
1418 2761 1559 2843 philoso-

406 2897 411 2911 ·
470 2866 566 2951 phlae
591 2864 771 2927 Platonioae
797 2865 981 2928 reeentiorlr
1012 2866 1181 2948 ingenium.
1229 2868 1333 2946 Quare
1364 2867 1393 2929 ri
1425 2885 1484 2929 nee
1517 2867 1560 2928 de

471 2971 566 3034 hulua
587 2969 710 3031 ratione
739 2987 798 3032 neo
818 2970 859 3031 de
881 2969 1015 3032 Proeulo
1036 2969 1168 3049 allloque
1188 2968 1223 3030 id
1243 2988 1342 3049 genno
1362 2970 1559 3051 philosophia

395 3064 398 3074 ’
472 3074 620 3147 dleimue,
642 3071 785 3133 ridemur
805 3073 896 3134 nobie
912 3073 991 3134 ulhll
1005 3073 1172 3154 quidquem
1186 3074 1452 3152 praetermittere,
1474 3074 1558 3154 quod

470 3178 512 3240 ad
538 3179 735 3256 querentem
764 3174 1006 3254 dieputatlonem
1036 3177 1195 3257 pertinere
1223 3177 1375 3240 videatur.
1424 3176 1472 3239 lle
1493 3177 1560 3238 dle·

470 3277 583 3342 leetiee
603 3274 720 3337 l'lotlul
741 3275 913 3338 contulleae
934 3276 1051 3340 invehit
1072 3278 1223 3343 limetur.
1246 3281 1365 3345 Hister.
1376 3280 1456 3345 Phil.
1472 3279 1510 3343 T.
1520 3280 1559 3344 lt.

470 3402 503 3464 p.
515 3379 589 3445 tut.
619 3376 829 3441 Tennrmenn.
851 3379 933 3442 lliet.
954 3380 1036 3450 l'ltll.
1057 3381 1095 3446 Τ.
1109 3382 1162 3449 Vl.
1183 3402 1214 3465 p.
1227 3385 1289 3448 llo
1304 3404 1373 3465 oqq.

557 3485 660 3563 Quum
682 3487 786 3544 autem
808 3488 894 3545 tanta
914 3484 957 3547 alt
983 3484 1067 3549 iuter
1088 3486 1227 3551 l’latonla
1253 3495 1287 3550 et
1306 3486 1489 3572 Arlatotellr
1509 3505 1560 3549 ra-

470 3587 588 3652 tionem
610 3586 797 3664 almuttudo,
819 3605 881 3650 non
902 3588 1014 3654 inutile
1035 3591 1096 3653 erit
1118 3590 1308 3671 disquirere,
1346 3591 1430 3652 unde
1451 3610 1488 3652 ea
1508 3609 1562 3654 re-

471 3690 608 3773 petenda
634 3688 677 3752 eit
704 3696 738 3752 et
764 3692 954 3772 explloeuda.
1003 3695 1046 3756 Et
1079 3694 1173 3757 laelle
1198 3694 1325 3774 quidem
1352 3694 1464 3776 allqule
1489 3712 1567 3755 eanr

470 3794 678 3876 amplectetur
697 3795 900 3872 uenientium,
921 3804 958 3859 ut
978 3798 1180 3860 Arlatotelem
1201 3795 1357 3860 exlotlmet
1378 3817 1467 3862 urum
1489 3817 1561 3859 eaee

470 3899 511 3962 ila
532 3895 673 3979 pheltia,
695 3913 775 3976 quae
795 3916 815 3958 a
835 3898 967 3963 Platone
987 3900 1019 3964 lu
1040 3901 1159 3964 rollolia
1181 3900 1222 3963 de
1242 3901 1293 3966 hle
1314 3903 1409 3965 rebor
1426 3900 1562 3964 endiria-

471 4007 530 4066 ret.
574 3999 666 4081 Quod
687 4017 871 4079 quemquem
893 4022 911 4062 a
932 4023 1006 4067 vero
1036 4006 1170 4068 alienum
1199 4023 1270 4068 eree
1291 4024 1384 4068 mmo
1406 4005 1560 4080 demerit,

469 4112 574 4169 umen
595 4103 656 4166 alla
669 4104 770 4165 oritur
782 4102 948 4169 dubitatio.
991 4107 1165 4189 Dieoeqatarl
1179 4110 1399 4190 enimpoterlt,
1422 4107 1562 4170 tueritne

471 4205 642 4273 eommunia
663 4206 777 4285 aliquia
798 4207 887 4284 ione,
910 4227 948 4271 ex
970 4229 1032 4289 quo
1052 4219 1186 4293 uterque
1205 4214 1357 4276 retlonem
1378 4232 1465 4276 ruam
1483 4211 1562 4274 hau-

471 4315 566 4389 rerlt‚
596 4311 641 4374 lta
661 4315 714 4386 ut,
737 4329 831 4389 quum
852 4311 885 4374 iu
907 4332 945 4375 ea
965 4334 1001 4376 re
1021 4335 1108 4378 enam
1130 4319 1260 4398 quinque
1282 4322 1470 4397 sequeretur
1489 4336 1563 4380 reu·

470 4415 617 4488 tentiam,
638 4430 696 4475 nee
716 4413 884 4494 Stagiritee
904 4416 944 4478 ad
966 4416 1105 4483 Plutonia
1127 4421 1345 4484 ruetoritetern
1366 4419 1466 4483 inerit
1486 4438 1561 4501 pro·

470 4518 658 4590 uouendum,
693 4535 751 4579 neo
779 4517 903 4580 Platoni
931 4527 1220 4590 commemorandus
1241 4525 1286 4604 le,
1317 4505 1407 4589 eulue
1428 4524 1560 4605 vestigio

470 4626 502 4688 ln
523 4623 582 4684 luae
604 4618 764 4683 doctrinae
785 4642 861 4687 uuae
881 4629 972 4705 parte
993 4625 1133 4709 legieaet.
1174 4630 1241 4694 Neo
1270 4648 1348 4694 rere
1376 4629 1559 4704 dlillteuaur‚
