3775 5442
468 664 532 726 818
792 654 877 718 liter
897 663 1011 719 tertius.
1054 657 1154 718 Sectis
1174 656 1224 721 iii.
1244 713 1249 725 ,

470 834 605 899 suittclet
639 833 810 906 marciosa,
852 830 1005 910 duplicem
1042 828 1219 891 distinxisse
1250 824 1470 907 philosophum
1509 824 1547 883 er'

469 936 648 1021 hypothesi·
666 933 835 1016 quaerendi
863 936 1035 1006 rationem,
1057 934 1193 994 alteram·
1207 930 1396 1011 analyticam,
1417 926 1547 1007 synthe-

469 1043 561 1104 tlosm
590 1042 727 1102 alteram.
777 1037 914 1119 Egregie
941 1026 1022 1097 enim
1049 1054 1107 1114 pro
1140 1034 1279 1096 acumine
1298 1051 1355 1094 suo
1377 1031 1547 1110 perspexit,

467 1152 525 1208 unt
543 1146 588 1205 ita
609 1160 704 1224 posse
725 1141 887 1221 disputari,
910 1146 945 1201 ut
966 1139 1067 1219 posita
1088 1139 1190 1218 aliqua
1204 1138 1368 1208 sumtioue,
1390 1141 1548 1195 consecta—

467 1248 518 1312 rla
544 1241 716 1326 eorumque
740 1242 878 1306 rationes
898 1244 1174 1322 investigareutnr,
1204 1248 1257 1299 aut
1278 1258 1345 1300 eam
1366 1238 1438 1299 iniri
1459 1239 1550 1310 vlam,

471 1357 508 1413 ut
527 1350 625 1411 saluti
646 1336 739 1408 cornu
760 1346 883 1410 inverso
904 1348 1039 1425 ipsarum
1062 1362 1188 1406 massae
1210 1345 1397 1405 sumtiouum
1420 1341 1551 1420 acprin-

471 1453 623 1534 cipiorum
645 1448 890 1528 exquirerentur,
923 1448 1023 1509 donec
1044 1448 1083 1508 ad
1105 1466 1254 1508 summum
1277 1445 1399 1525 aliquod
1419 1461 1551 1523 perven-

471 1563 539 1618 tum
567 1560 651 1616 essct
678 1553 816 1628 initium,
846 1553 928 1634 quod
956 1553 1039 1613 omni
1066 1555 1188 1611 uacaret
1221 1550 1423 1611 dubitatione.
1483 1548 1552 1626 Qua

468 1657 597 1738 ¹quidum
617 1657 649 1717 ia
670 1674 707 1716 re
727 1656 828 1734 prola
847 1655 1016 1717 tenendum
1039 1660 1105 1728 est,
1126 1660 1267 1716 neutram
1287 1652 1440 1713 rationem
1462 1648 1553 1710 alteri

471 1759 636 1840 praeferri,
659 1759 715 1820 scd
738 1779 824 1820 suam
847 1760 959 1838 cuique
981 1758 1163 1839 dignitatem
1185 1775 1336 1835 suumque
1353 1755 1454 1815 locum
1476 1755 1553 1816 assi·

472 1864 571 1943 gnari.
594 1860 797 1924 Manifestum
819 1868 869 1924 est
890 1863 970 1923 enim
993 1881 1050 1942 pro
1072 1863 1155 1922 varia
1178 1866 1428 1941 argumentorum
1443 1862 1553 1917 ustura

469 1973 507 2026 st
539 1964 661 2026 rationo
688 1964 780 2024 modo
807 1964 887 2025 hauc
916 1967 1009 2026 modo
1036 1966 1118 2027 iiiam
1149 1984 1219 2027 csse
1252 1980 1347 2044 possa
1381 1960 1554 2040 praestabi-

473 2066 594 2128 liorem.
647 2066 689 2125 ut
717 2067 910 2129 Parmenidis
938 2069 1062 2147 qssidem
1085 2074 1299 2148 argumentum
1328 2065 1412 2146 quod
1433 2066 1552 2136 attinet,

473 2169 627 2229 nemiuem
651 2169 762 2248 opinor
781 2171 900 2245 latebit,
923 2172 995 2232 lruic
1017 2190 1108 2249 quam
1130 2170 1255 2250 egregie
1277 2166 1553 2247 conveniatflrppo—

472 2270 591 2331 thetica
618 2271 792 2334 disserendi
817 2273 919 2336 torma
948 2280 980 2334 et
1008 2273 1104 2346 ratio,
1141 2279 1176 2332 ut
1207 2273 1379 2332 mirandum
1413 2289 1477 2333 non
1502 2271 1554 2344 sit,

475 2374 652 2446 Platonem,
683 2392 775 2454 quum
804 2395 871 2438 eam
893 2375 969 2436 alias
990 2394 1050 2436 nou
1072 2375 1115 2436 sit
1136 2383 1326 2454 aspernatus,
1354 2382 1419 2435 turm
1441 2374 1473 2434 iu
1496 2374 1557 2434 hoc

476 2477 607 2538 maxime
628 2476 709 2539 libro
731 2479 785 2538 iila
806 2499 893 2540 usum
914 2497 994 2540 esse.
1046 2479 1213 2540 Enimvero
1236 2477 1341 2556 qsracri
1362 2477 1395 2536 lu
1417 2494 1455 2536 eo
1477 2476 1556 2536 ridi-

476 2582 545 2642 msis
568 2581 606 2640 de
627 2581 754 2641 summis
777 2589 870 2661 atque
891 2583 1037 2643 extremis
1058 2600 1163 2642 rerum
1186 2580 1354 2659 principiis,
1377 2595 1456 2658 puae
1471 2577 1556 2639 haud

477 2702 551 2746 saue
572 2689 717 2764 poteraut
738 2686 890 2765 explorari
911 2692 1004 2765 atque
1024 2685 1173 2747 illustrari
1193 2683 1395 2753 commodius,
1417 2700 1507 2759 qurum
1530 2681 1557 2742 si

477 2788 517 2849 lis
544 2789 653 2867 positis
684 2793 777 2866 atque
814 2790 924 2850 sumtis
958 2790 1032 2869 quid
1067 2788 1177 2850 exindo
1211 2787 1358 2866 consequi
1392 2785 1557 2844 dicendum

479 2897 573 2964 essct,
597 2890 679 2952 omui
701 2897 847 2970 exparte
869 2893 1114 2972 investigaretur.
1160 2890 1222 2953 Sed
1244 2891 1322 2951 haec
1344 2887 1501 2949 sufficient
1520 2887 1559 2946 de

477 2993 678 3074 hypothetica
707 2994 882 3055 disserendi
908 2995 1045 3071 ratione,
1081 2995 1201 3074 qualem
1236 2994 1272 3054 in'
1296 2993 1481 3053 Parmenide
1509 3009 1559 3050 re-

478 3114 575 3177 gnare
596 3096 743 3157 videmus.
766 3098 917 3177 Apparuit
937 3099 1030 3172 enim,
1053 3099 1171 3177 opinor,
1194 3095 1423 3157 evidentissime
1445 3114 1512 3155 eam
1527 3103 1560 3154 et

479 3199 517 3259 sd
546 3199 755 3259 Eleaticorum
781 3201 985 3261 imitationem
1020 3205 1225 3280 comparatam
1258 3199 1373 3270 aldeni,
1411 3216 1468 3257 nec
1499 3196 1561 3275 ipsi

480 3300 602 3360 Platoni
630 3301 705 3360 aliisi
733 3301 945 3381 displicuisse,
974 3322 1031 3364 nec
1060 3304 1092 3364 iu
1113 3304 1174 3364 hoc
1196 3303 1320 3382 quidem
1342 3302 1423 3362 libro
1445 3300 1561 3361 iucom-

480 3405 573 3467 moda
593 3422 663 3464 essa
684 3404 724 3465 ad
746 3423 834 3466 usum
855 3411 1039 3467 revocatam.

477 3530 481 3543 ·
566 3506 789 3587 Progredimur
809 3509 847 3568 ad
871 3512 1018 3585 aiterum,
1053 3511 1135 3591 qnod
1158 3529 1251 3590 supra
1274 3509 1404 3568 diximus
1425 3506 1561 3567 Zenonis

482 3628 519 3670 ac
544 3609 738 3674 Parmenidis
764 3612 916 3673 Platonici
945 3614 1148 3694 disputationi
1183 3628 1344 3673 commune
1372 3630 1441 3672 essa
1463 3610 1562 3669 videri

483 3730 553 3773 com
585 3732 643 3788 so,
675 3715 758 3792 qssud
794 3715 944 3795 Megarici
983 3718 1081 3778 secnti
1115 3717 1193 3790 sint,
1227 3731 1341 3795 genere
1378 3710 1561 3774 disserendi.

482 3815 648 3877 Enimvero
669 3816 747 3877 nihii
768 3817 799 3876 ln
821 3818 875 3878 iila
896 3820 1036 3882 videmus
1057 3819 1289 3892 illustrationis,
1313 3814 1563 3896 comparationis,

469 3925 537 3980 -sut
556 3919 682 3980 omniuo
704 3928 831 3982 ornatus
853 3923 952 4000 gratia
973 3924 1209 4002 interpositum
1231 3922 1293 3982 imo
1317 3921 1565 3998 omulaagnntur

482 4026 545 4082 tum
574 4038 684 4083 severa
712 4028 746 4083 st
770 4025 937 4099 adstricte,
970 4026 1172 4087 utisrevibus
1194 4032 1227 4084 et
1249 4026 1347 4087 acutis
1370 4021 1565 4084 conclusiun-

484 4125 561 4187 ands
582 4130 733 4204 perpetus
755 4129 835 4187 serie
865 4127 949 4191 inter
970 4146 1040 4192 sess
1061 4128 1231 4208 coniugatis
1251 4127 1391 4188 sterilem
1413 4123 1565 4204 quandam

484 4246 520 4289 sc
540 4245 694 4290 morosam
717 4229 897 4292 brevitatem
919 4252 995 4311 prae
1016 4252 1051 4295 se
1072 4233 1184 4295 ierunt.
1246 4233 1353 4309 ltaque
1373 4228 1493 4289 frustra
1514 4225 1566 4285 luc

485 4350 613 4408 quscras
636 4330 824 4394 Socraticum
847 4335 933 4396 illam
954 4336 1176 4410 inductionem,
1206 4335 1327 4413 qualem
1349 4333 1382 4393 in
1404 4331 1474 4392 aliis
1496 4329 1565 4388 Pia-

483 4433 566 4495 tonis
597 4437 792 4498 sermonibus
819 4437 1097 4516 deprehendimus3
1130 4439 1248 4501 frustra
1277 4438 1452 4515 elegantem
1480 4436 1565 4496 iilam

485 4537 634 4601 orationis
658 4536 831 4599 ubertatem
853 4546 947 4618 atque
968 4542 1096 4620 copiam,
1119 4516 1181 4620 quis
1201 4541 1274 4603 alibi
1287 4540 1455 4618 legantium
1474 4537 1566 4598 animi

484 4638 615 4702 nutritios
636 4641 847 4713 oblectentur3
870 4642 986 4703 trustra
1009 4641 1142 4720 denique
1163 4662 1199 4703 ea
1222 4642 1340 4716 omnis,
1363 4659 1443 4722 quaa
1464 4659 1482 4700 a
1502 4638 1568 4699 dia-
