3775 5442
703 651 787 710 liber
808 650 919 712 tertius.
963 648 1063 713 Sectiu
1087 651 1120 712 ll.
1163 657 1165 663 ’
1219 697 1236 739 3
1387 651 1451 715 200

367 820 444 884 iecit
463 815 635 902 prudenter
656 842 731 884 sane
751 831 945 898 monentem,
977 843 1039 886 uon
1061 824 1094 886 id
1117 825 1271 906 agendum
1294 842 1363 885 esse
1386 821 1450 887 diu·

366 926 494 1000 iecticu,
527 932 563 986 ut
591 945 609 986 a
635 927 733 989 rebus
756 929 899 990 sensibus
921 928 1128 1010 percipiendis
1151 926 1377 1007 proprietatum
1400 944 1451 987 va-

367 1028 511 1088 rietatem
538 1038 711 1104 removeat,
740 1031 854 1112 quippe
876 1034 958 1113 quod
985 1032 1029 1106 el,
1060 1035 1112 1113 qul
1134 1034 1274 1093 idearum
1297 1030 1450 1111 quandam

365 1138 520 1194 statueret
545 1133 817 1222 participationem·
843 1141 877 1196 et
896 1137 993 1199 veluti
1014 1138 1272 1210 communionem,
1293 1132 1356 1196 non
1377 1151 1450 1213 pua·

365 1233 408 1294 slt
429 1252 491 1294 ncn
512 1233 611 1295 videri
631 1237 796 1300 ridiculum
818 1258 865 1326 ac·
876 1240 1013 1318 puerile,
1037 1241 1094 1302 sed
1116 1239 1193 1300 illud
1216 1237 1363 1303 subtilius
1386 1236 1449 1299 dla-
1562 1283 1564 1286 ι

368 1337 553 1415 quirendum
575 1339 692 1415 videri,
720 1361 794 1402 num
823 1342 855 1403 in
876 1326 960 1422 ipssa
981 1343 1069 1404 ideas
1097 1342 1259 1405 conveniat
1286 1340 1337 1417 id,
1366 1338 1449 1422 quod

366 1440 522 1504 derebus
544 1441 806 1522 adspectabilibus
833 1453 975 1526 negetur.
1025 1447 1144 1524 Quibus
1172 1446 1284 1507 auditis
1312 1463 1449 1509 sammua

363 1541 501 1604 familiae
527 1545 687 1608 Eleatlcad
713 1546 875 1627 magister,
910 1555 1111 1629 posteaquam
1139 1548 1369 1629 Megaricorum
1397 1565 1450 1611 ex·
1494 1591 1495 1594 ,
1569 1587 1571 1593 ·

364 1647 471 1727 cmplo
500 1655 610 1710 contra
638 1650 777 1712 idearum
807 1670 876 1712 cum
897 1653 993 1713 rebus
1023 1651 1270 1714 coniunctionem
1284 1648 1372 1715 ,dlrit
1392 1667 1451 1713 nec

362 1757 470 1812 tamen
498 1751 582 1830 ipsas
611 1752 738 1814 sustulit
763 1752 871 1828 ideas,
903 1773 967 1814 non
989 1759 1108 1815 tantum
1129 1754 1291 1836 perspicax
1313 1752 1450 1817 Socratis

360 1853 522 1932 ingenium
554 1874 741 1936 magnopere
767 1857 955 1933 admiratur,
993 1858 1051 1922 aed
1076 1859 1170 1923 etiam
1204 1856 1353 1939 prurienti
1385 1855 1451 1923 dut

362 1958 498 2019 consilio
521 1959 689 2022 obsecutus
711 1959 810 2022 delia
832 1962 928 2024 rebus
951 1961 1111 2042 disputare
1131 1961 1278 2033 instituit,
1301 1977 1380 2039 quae
1401 1958 1451 2027 vei

361 2062 496 2123 maxime
523 2082 584 2124 una
610 2050 722 2126 mentis
749 2063 938 2144 cogitatione
960 2066 1175 2139 conticentur,
1198 2064 1347 2141 adeoque
1367 2061 1451 2127 etus

362 2164 435 2227 dem
458 2167 534 2228 artis
555 2183 635 2246 cpe,
668 2184 728 2245 qua
755 2165 803 2227 illl
828 2158 924 2233 rebus
951 2170 1010 2232 sub
1040 2187 1153 2231 sensus
1173 2167 1355 2231 cadentibus
1375 2182 1450 2247 pra-

361 2269 528 2350 prictatum
551 2271 733 2333 rarletctem
753 2270 936 2351 eripiebant,
960 2291 1020 2333 nou
1044 2272 1144 2334 solum
1166 2272 1257 2347 idaia,
1279 2269 1448 2335 sedetiam

362 2373 460 2434 rebus
488 2375 637 2435 unitatem
672 2373 791 2454 pariter
825 2381 919 2452 atqua
950 2376 1180 2440 multitudinem
1209 2382 1242 2436 et
1267 2374 1448 2439 vaneuterc

363 2475 508 2539 vindicat.
562 2480 630 2558 Qua
663 2478 787 2559 quidem
814 2477 937 2540 ratione
972 2479 1169 2542 manifestum
1204 2484 1254 2540 est
1288 2482 1448 2558 angustam

362 2577 448 2641 illam
470 2580 672 2661 sterilemque
684 2581 891 2643 Eleaticorum
914 2581 1106 2644 dialecticam
1129 2601 1148 2640 a
1169 2601 1290 2645 summu
1312 2581 1449 2643 familiae

363 2681 513 2761 magistro
536 2684 579 2745 ita
602 2684 761 2745 emendari
782 2691 875 2762 atque
897 2683 1088 2762 amplificari,
1111 2689 1186 2744 uta
1208 2703 1312 2747 renrm
1335 2701 1447 2763 curpe-
1476 2750 1479 2758 ,

362 2801 488 2847 tearum
510 2786 739 2866 exploratione,
766 2787 798 2848 in
827 2806 888 2866 qua
913 2786 1004 2847 unice
1024 2785 1095 2846 fere
1115 2784 1281 2873 baerebat,
1308 2785 1346 2845 ad
1376 2802 1448 2847 cca·

364 2886 546 2951 aideraudas
568 2890 689 2969 species
710 2897 815 2952 mente
836 2896 868 2951 et
890 2890 992 2950 anlmc
1006 2886 1246 2968 comprehensas
1258 2885 1449 2962 traducatur,

367 3007 467 3069 eoque
492 2993 586 3054 modo
615 3013 684 3054 cunr
714 2992 870 3054 Socratica
899 2990 1071 3054 disserendi
1094 2992 1216 3052 ratione
1239 2988 1326 3068 quasi
1348 2988 1450 3053 conci-

363 3092 462 3156 lletur
482 3101 515 3156 et
536 3096 567 3157 in
590 3115 685 3161 uuum
718 3096 932 3176 coniungatur.
996 3096 1164 3161 Enimvero
1185 3093 1276 3156 Plato
1305 3090 1448 3171 quonlam

361 3196 543 3278 philosophi
572 3218 642 3263 essa
664 3201 784 3264 censuit
803 3202 905 3264 auimo
927 3199 1045 3261 versari
1066 3198 1099 3261 in
1128 3196 1376 3278 contemplandis
1397 3213 1448 3257 ra·

362 3300 423 3363 bna
451 3301 561 3364 divinis
589 3324 625 3366 ac
651 3304 864 3385 sempiternis,
899 3323 979 3384 quae
1005 3304 1044 3365 ab
1067 3303 1150 3363 omni
1173 3320 1319 3364 sensuum
1342 3305 1448 3363 costa-

362 3404 459 3484 dccc
480 3405 598 3468 liberae
619 3416 725 3471 essent
747 3414 839 3487 atque
859 3407 1012 3468 immunes
1029 3404 1078 3484 *),
1101 3424 1140 3466 ne
1162 3404 1355 3464 dialecticam
1378 3402 1446 3484 qui-

364 3505 438 3568 dem
465 3514 564 3569 artem
591 3511 760 3572 arbitratus
791 3516 840 3571 est
866 3526 995 3571 munere
1016 3526 1074 3568 suo
1096 3507 1157 3568 rite
1178 3505 1285 3585 iungi,
1319 3505 1381 3568 nisi
1408 3507 1447 3568 ad

363 3609 553 3690 exquirenda
578 3633 623 3686 cs,
657 3633 737 3694 quae
758 3612 842 3675 omni
863 3611 1035 3672 mutatione
1057 3616 1089 3672 et
1110 3609 1322 3673 vicissitudine
1342 3628 1447 3673 renim

362 3717 562 3777 terrestrium
585 3717 685 3777 libera
707 3721 811 3777 essent
833 3720 866 3775 et
886 3734 947 3774 una
969 3720 1072 3776 mente
1097 3712 1448 3795 comprehenderentur,

365 3817 405 3878 ab
426 3818 476 3893 iis,
500 3820 552 3897 qui
575 3818 696 3879 veritati
719 3818 893 3895 studerent,
916 3817 1109 3880 eveheretur.
1154 3816 1307 3897 Quocirca
1326 3813 1447 3877 Pblleb.

361 3937 396 3999 p.
417 3919 460 3982 58
473 3940 540 4000 sqq.
569 3941 637 3983 earu
665 3922 835 3983 arbitratur
857 3940 980 3983 omnem
1008 3923 1136 3984 aliarum
1162 3939 1267 3983 rerum
1288 3915 1447 3985 adelitiam

363 4021 544 4103 longissime
566 4025 735 4104 auperare,
758 4025 873 4105 quippe
895 4044 974 4105 quas
994 4030 1137 4088 versetur
1163 4023 1237 4105 περὶ
1266 4011 1306 4085 τὸ
1320 4011 1368 4095 ὃν
1390 4019 1447 4087 aul

364 4120 405 4187 τὸ
433 4118 538 4202 ὅντως
566 4129 622 4190 καὶ
651 4119 739 4190 κατὰ
768 4121 893 4193 ταύτὸν
919 4125 971 4193 c’al
1000 4121 1163 4217 πεφυκός,
1196 4143 1233 4188 ac
1252 4123 1450 4199 dimdtaait

364 4244 452 4305 ease,
483 4232 693 4313 συγχωρῆσαι
726 4225 803 4295 τινὰ
824 4221 944 4310 ’ἄλλην
977 4223 1161 4311 ἐπιστήμην
1187 4228 1248 4306 τῆς
1276 4219 1448 4304 ἆληθεῖας

364 4328 572 4416 ἀντέχεσθαι
593 4332 724 4412 μᾶλλον
744 4327 938 4414 ἢ“ταύτην.·
960 4335 1141 4417 qrdbuscum
1163 4349 1324 4410 compares
1345 4328 1447 4391 lucrm

362 4650 421 4704 m
444 4583 552 4705 ΑἾΙΎ.
585 4584 617 4634 de
642 4584 756 4654 Rrpabl.
783 4581 816 4636 V.
853 4602 916 4655 pag.
942 4583 1009 4636 476.
1061 4591 1125 4640 rats.
1154 4587 1217 4638 call.
1243 4601 1303 4654 pap.
1329 4578 1392 4634 8³2
1414 4571 1445 4633 Ᾰ.

424 4690 430 4703 ι
467 4670 530 4704 ι..
1369 4698 1372 4703 1
