3775 5442
660 621 747 680 Liber
766 621 888 698 primus.
931 620 1089 687 Sectiol'.
1359 613 1418 687 Bl

330 794 482 854 incitatam
502 792 642 854 idearum
665 793 709 853 ita
730 793 899 869 declarari,
921 799 958 853 ut
979 793 1070 855 etiam
1090 793 1203 873 singuli
1220 797 1340 856 numeri
1354 803 1418 857 ata-

328 903 460 959 tuantur
482 896 612 957 eandem
633 896 666 957 in
688 915 724 958 sc
745 905 854 958 natura
876 917 932 960 sua
954 899 1122 960 continere.
1172 897 1248 958 Nam
1270 901 1419 977 quemad-

329 998 461 1061 modum
481 999 587 1072 ideac,
619 1001 663 1061 ita
696 1002 788 1062 etiam
808 1004 931 1064 numeri
952 1002 1100 1064 abstracti
1122 1007 1155 1062 et
1176 1001 1207 1062 iu
1228 1020 1266 1063 aa
1286 989 1419 1081 spectati

328 1102 468 1164 babeant
489 1121 617 1164 necesse
638 1109 688 1163 est
707 1105 880 1202 peqiectau
901 1114 1030 1168 naturae
1043 1124 1118 1166 suae
1132 1105 1351 1178 constantiam,
1373 1106 1416 1167 ita

328 1213 367 1267 ut
394 1205 496 1267 ternio
519 1213 552 1267 et
573 1210 733 1287 quaternio
763 1216 796 1270 et
815 1229 963 1272 numerus
992 1210 1133 1273 senarius
1162 1192 1194 1270 et
1221 1211 1417 1290 septenarius

328 1311 363 1372 lu
385 1328 422 1371 ae
443 1310 572 1389 simplex
592 1313 635 1372 sit
654 1317 748 1390 atque
768 1332 863 1375 unus:
890 1315 930 1375 de
948 1333 1007 1393 qua
1021 1310 1215 1391 relegendus
1228 1311 1421 1392 estinsignis

329 1415 420 1477 locus
443 1413 586 1493 Reipubl.
609 1414 680 1475 libr.
692 1414 757 1477 Vll.
780 1436 810 1495 p.
822 1417 895 1479 525.
916 1417 954 1477 Ι).
977 1417 1013 1478 n.

416 1516 481 1577 Sed
503 1517 676 1580 reseramus
699 1539 756 1581 uos
777 1523 837 1581 iam
860 1541 879 1580 a
900 1519 1037 1580 numeris
1051 1538 1159 1580 rursm
1174 1519 1416 1599 adipsasidcas.

329 1619 535 1684 Manifestum
557 1622 739 1701 utigitur,
762 1623 923 1684 Plutonem
945 1622 1007 1683 boc
1028 1621 1098 1682 loco
1120 1622 1154 1682 id
1175 1623 1287 1700 egisse,
1311 1631 1345 1684 ut
1366 1641 1417 1684 re-

330 1726 415 1787 ieeto
437 1723 650 1785 Eleaticorum
673 1725 713 1784 de
735 1745 797 1785 uuo
819 1725 947 1786 decreto
970 1743 1024 1786 ens
1046 1725 1165 1786 dnltum
1189 1726 1418 1786 demonstraret

329 1831 512 1891 immensam
542 1828 694 1906 quandam
721 1829 752 1889 in
782 1847 817 1890 se
844 1829 1009 1908 complecti
1029 1830 1164 1909 partium
1193 1836 1226 1892 et
1246 1829 1418 1890 formarum
1523 1847 1529 1868 ⁴

331 1935 469 2012 copiam,
506 1930 537 1991 in
565 1931 677 2009 quibus
704 1932 834 2012 singulis
861 1940 965 1992 tamen
987 1951 1095 1994 rursus
1117 1940 1246 1994 naturae
1269 1932 1419 2009 cuiusque

332 2037 434 2098 naitas
456 2054 493 2094 ac
513 2033 692 2113 simplicitas
712 2042 902 2097 cemeretur.
948 2036 1212 2114 Quremadmudum
1235 2037 1317 2096 culm
1339 2036 1418 2116 pbyss
1509 2015 1516 2026 ’

331 2140 387 2201 sici
409 2138 507 2199 multa
529 2142 700 2201 statuentes
715 2159 837 2200 omnem
850 2140 945 2200 rebus
960 2140 1135 2220 eripiebant
1149 2142 1316 2213 unitatem,
1339 2154 1417 2219 quus

331 2242 457 2322 quidem
478 2260 573 2320 supra
593 2242 725 2303 vidimus
746 2264 765 2302 a
786 2245 913 2304 Zenone
934 2243 1049 2303 acriter
1070 2261 1140 2305 esse
1157 2243 1352 2314 confutatos;
1374 2243 1416 2302 lta
1490 2227 1496 2233 ’

331 2345 479 2419 Eleatici,
503 2327 647 2422 quoniim
669 2365 762 2408 ιιιιιιιιι
783 2348 931 2408 varietate
947 2348 1069 2407 omuino
1086 2348 1217 2407 liberum
1232 2353 1266 2407 et
1282 2348 1418 2407 immune

331 2467 405 2512 ease
423 2450 579 2528 ponebat,
609 2449 732 2510 sublato
753 2467 857 2510 rerum
879 2451 1057 2511 discrimine
1078 2456 1188 2511 cuncta
1216 2449 1321 2510 ferrea
1343 2468 1416 2528 qua·

331 2554 405 2616 dam
425 2561 459 2612 et
478 2551 663 2612 immutabili
683 2560 852 2632 perpetuae
874 2554 1100 2633 aequabilitatis
1129 2554 1199 2632 lege
1225 2554 1322 2613 veluti
1344 2568 1417 2614 cons

331 2656 538 2737 atriaagebat.
579 2639 667 2732 ¹Qum
688 2657 812 2733 quidem
835 2676 942 2717 omues
965 2658 1054 2718 Plato
1083 2657 1238 2720 sententia
1261 2656 1418 2736 Pythago-

331 2758 521 2822 recrnmde
544 2758 631 2818 linito
655 2763 687 2818 et
707 2759 828 2819 infinito
851 2759 882 2818 in
904 2779 998 2820 uuum
1021 2762 1163 2839 copulato
1187 2760 1227 2820 ad
1249 2776 1315 2818 rem
1331 2777 1417 2818 snam
1539 2746 1541 2751 ¹

333 2862 479 2924 traducta
504 2862 548 2921 lta
574 2861 701 2921 edomuit
728 2861 875 2934 meliora,
909 2866 944 2920 ut
974 2863 1123 2939 quidquid
1151 2862 1217 2922 reri
1238 2861 1271 2920 in
1293 2861 1418 2921 illorum
1474 2922 1476 2926 ,

337 2964 461 3046 placitis
479 2964 608 3036 inesset,
644 2964 677 3024 id
705 2963 738 3022 iu
768 2982 860 3023 ιιιιιιιιι
888 2963 1082 3023 coniunxisse
1104 2962 1325 3041 aptissimeque
1348 2979 1420 3021 cous

336 3067 489 3130 ciliavism
508 3068 608 3129 videri
631 3067 752 3127 debeat.
796 3066 861 3127 Nec
881 3064 1024 3146 proiecto
1050 3066 1158 3144 inepte
1186 3063 1225 3124 de
1254 3064 1304 3125 his
1326 3063 1420 3122 rebus
1454 3118 1463 3131 ,

334 3175 540 3236 disserentem
566 3170 781 3231 Parmenidem
807 3169 996 3244 introduxit,
1025 3169 1161 3249 quinon
1185 3167 1278 3228 modo
1301 3180 1421 3229 summa

332 3278 418 3338 iater
438 3275 594 3336 Eleaticns
616 3275 757 3335 floruerit
777 3276 977 3347 auctoritate,
999 3273 1054 3335 sed
1074 3274 1166 3332 etiam
1179 3273 1310 3353 vestigia
1327 3289 1421 3349 quae-

334 3381 407 3442 dam
429 3379 598 3447 translatae
619 3378 658 3438 ad
681 3377 852 3439 doctrinam
872 3397 960 3440 suam
982 3376 1210 3456 Pythagoricae
1237 3377 1367 3436 rationis
1388 3375 1420 3435 iu

334 3483 523 3547 carminibus
544 3483 608 3544 suis
631 3501 775 3560 expressa
801 3481 981 3561 reliquerit:
1019 3480 1060 3540 de
1090 3499 1149 3558 qua
1175 3496 1210 3542 re
1236 3478 1419 3540 seutentiam

334 3595 475 3650 anatram
497 3587 530 3646 io
551 3585 765 3663 superioribus
786 3586 973 3663 aperuimus.
1042 3617 1045 3623 <

420 3691 526 3769 Atque
546 3687 624 3749 baec
645 3689 772 3766 quidem
793 3689 834 3748 de
855 3689 947 3748 basius
962 3686 1151 3765 quaestionis
1166 3684 1302 3748 exordio.
1338 3685 1421 3745 'Per-

335 3795 438 3874 gimus
466 3792 508 3852 ad
528 3792 817 3871 interpretationem
847 3809 971 3863 eorum,
1004 3807 1082 3867 quac
1103 3790 1215 3850 indes
1244 3808 1274 3867 p.
1292 3788 1361 3849 144.
1384 3784 1420 3846 Ε.

335 3899 377 3959 da
400 3896 520 3959 cunctis
542 3895 622 3956 ideis
644 3896 711 3955 sive
732 3894 773 3954 de
794 3894 1005 3953 universarum
1026 3893 1167 3952 idearum
1187 3891 1283 3951 velurti
1303 3906 1421 3952 summa
1534 3906 1536 3913 ’

337 4003 544 4064 disseruntur.
869 3996 871 3999 ’

422 4103 628 4179 Posteaquam
657 4102 737 4161 cuim
766 4099 1032 4179 argumentatione
1061 4114 1225 4176 sanequam
1256 4095 1362 4160 subtili
1391 4100 1423 4153 et

336 4213 428 4267 acuta
450 4204 595 4265 effectuum
617 4209 683 4275 est,
705 4223 798 4263 ιιιιιιιιι
820 4203 940 4262 infinita
958 4201 1089 4279 quadam
1104 4202 1240 4281 gaudere
1254 4200 1422 4259 formarum

338 4313 483 4372 ubertate
504 4311 597 4385 atque
618 4307 723 4385 copia,
746 4315 779 4365 et
800 4304 1000 4366 nibilominus
1012 4323 1082 4368 esse
1099 4323 1210 4377 unum,
1231 4301 1315 4362 idem
1330 4298 1422 4358 etism

335 4413 441 4492 spatio
469 4410 590 4471 finitum
619 4407 670 4470 rel
697 4409 893 4469 terminatmn
923 4425 994 4469 ease
1028 4410 1274 4477 demonstratur,
1310 4402 1423 4481 quippe

338 4515 425 4595 quod
454 4518 556 4574 toturn
583 4511 710 4592 aliquod
738 4512 897 4583 conficiat,
933 4529 994 4589 quo
1026 4511 1165 4588 singulae
1195 4511 1300 4585 partes
1329 4505 1424 4565 veluti

338 4618 634 4681 circumscribantur
661 4625 754 4693 atquc
782 4614 1092 4695 comprehendantur.
1143 4611 1231 4686 Quone
1257 4609 1285 4669 si
1318 4626 1354 4667 ex
1374 4624 1425 4666 me

1169 4711 1215 4771 ⁹*
1399 4740 1539 4810 Α
