3775 5442
921 415 981 477 ,τι
1061 455 1066 465 ¹

728 640 1049 706 rannemirus,
1166 595 1169 605 Δ
1372 652 1439 715 878
1551 669 1552 672 ’

349 805 570 886 ἐγγίγνεσθαι
600 801 733 872 ἄλλοθι
760 803 783 886 ἢ
815 815 849 876 ἐν
878 821 1014 900 ψυχαῖς.
1060 808 1146 878 οὕτω
1175 806 1241 898 γὰρ
1271 799 1316 880 tv
1343 823 1379 883 iv
1400 769 1437 904 ga

349 908 489 969 ἕκαστον
511 904 569 984 εἴη,
591 911 648 973 καὶ
671 906 731 972 οὐκ
753 903 796 974 oto
818 913 867 976 tte
888 908 1014 997 πάσχοι
1035 908 1059 978 (ἓ
1080 918 1141 980 νῦν
1163 909 1203 994 δὴ
1227 916 1365 999 ἐλέγετο.
1395 921 1436 986 Τί

347 994 425 1080 obm-
458 1002 583 1095 φάναι,
611 1014 646 1074 tv
676 1006 817 1077 ἕκαστόν
845 1018 916 1078 ἐστι
944 1019 1012 1081 τῶν
1038 1011 1234 1097 νοημάτων,
1265 1014 1378 1102 νόημα
1399 1021 1435 1086 δὲ

296 1195 300 1200 .
345 1104 499 1185 octava,-
519 1108 602 1175 Ἀλλ’
627 1109 805 1188 ἀδύνατοι),
829 1119 936 1181 atarto.
959 1111 1059 1183 Ἀλλιὲ
1082 1116 1175 1194 τινός
1182 1147 1194 1195 ‚·
1216 1122 1295 1185 Ναί.
1314 1114 1434 1198 ’Όντος

343 1202 367 1287 ἢ
388 1207 448 1312 cdx
470 1203 568 1289 ὄντος
575 1241 587 1288 ,·
604 1207 733 1290 Ὄιτος.
775 1213 842 1300 Οὐχ
865 1212 938 1294 ἑνός
959 1241 1062 1295 τινος,
1086 1214 1106 1284 ὃ
1128 1222 1181 1286 ἐπὶ
1203 1218 1467 1290 necaverant

342 1495 390 1542 tus
411 1487 555 1546 rationem
584 1507 726 1565 quamque
749 1491 854 1546 mentis
882 1492 1092 1570 cogitationem
1114 1503 1223 1552 statuat
1245 1497 1355 1572 aliquid
1377 1496 1430 1557 lra-

342 1583 410 1645 bere
433 1601 584 1663 oportere,
611 1592 687 1667 qnod
717 1593 774 1667 ipsi
801 1594 839 1648 sit
861 1591 1023 1650 subiectum
1045 1593 1173 1670 adeoque
1195 1616 1261 1655 curn
1283 1618 1317 1656 ca
1340 1619 1430 1658 anum

341 1691 478 1765 quiddam
501 1692 621 1753 efficiat.

406 1825 437 1884 C.
485 1822 559 1896 οὐχ
586 1824 664 1895 ἑνός
684 1825 817 1905 caroffi]
841 1827 917 1887 Nara
941 1832 1023 1888 notio
1046 1833 1151 1889 mentis
1174 1851 1219 1905 ca,
1241 1852 1315 1910 quse
1337 1835 1430 1909 plari-

335 1925 392 1983 bus
405 1926 490 1983 rebor
508 1935 577 1983 sunt
591 1931 762 2005 communia,
783 1932 814 1988 ia
837 1950 924 1990 auum
949 1932 1176 2009 comprehendit,
1198 1935 1274 1992 unde
1297 1937 1429 1994 exoritur
1463 1956 1465 1963 ·

334 2033 384 2104 ato
407 2052 445 2096 τις
467 2029 535 2090 ἰδέα.
580 2029 739 2089 Verborum
763 2036 930 2091 consecutio
952 2032 1025 2092 haec
1048 2048 1107 2093 est:
1136 2036 1154 2095 t
1182 2042 1265 2097 ἐκεῖνο
1285 2035 1317 2095 τό
1339 2036 1427 2115 νόημα

334 2138 392 2191 roei
418 2131 484 2189 ἐπὸι
510 2133 556 2189 ἐπὶ
583 2135 663 2201 πᾶσι,
691 2135 769 2211 qaod
795 2135 851 2193 itta
878 2138 1024 2213 cogitatio
1046 2141 1162 2215 cogitat
1184 2148 1329 2217 tanquam
1351 2139 1425 2213 tale,
1485 2208 1493 2215 .

276 2284 278 2287 .
335 2233 414 2312 qaod
440 2233 572 2292 omnibua
601 2237 691 2310 s'ass't,
722 2235 750 2295 b.
774 2257 798 2295 e.
827 2247 965 2314 tanquam
993 2239 1125 2297 omnibus
1154 2260 1315 2300 commune.
1360 2241 1425 2300 Hos
1517 2214 1525 2227 ,
1594 2224 1595 2232 ἵ

334 2338 429 2411 ipsum
451 2347 558 2407 autem,
579 2338 655 2411 quod
677 2339 708 2395 ia
728 2339 814 2397 rebus
837 2340 997 2399 individuis
1020 2350 1156 2416 tanquam
1171 2362 1323 2401 commune
1339 2343 1423 2419 quid-

334 2438 401 2496 dam
423 2432 564 2495 ridemua'
577 2440 671 2495 inesse
701 2448 787 2514 atquc
809 2452 904 2498 mente
927 2451 1028 2500 nostra
1050 2451 1229 2514 contuemur,
1252 2445 1310 2503 tata
1332 2464 1423 2503 roca-

333 2551 396 2599 tar:
426 2551 567 2617 quatenus
589 2551 686 2598 autem
708 2559 759 2614 per
780 2561 811 2598 se
833 2552 970 2618 tanquam
998 2561 1087 2599 uaura
1114 2544 1250 2619 quiddam
1283 2548 1420 2604 atinae
1529 2558 1532 2565 ’

332 2644 493 2702 absolutum
513 2651 673 2717 spectatur,
702 2639 772 2709 εἶδος
792 2660 854 2698 esse
875 2643 993 2702 dicitur.
1021 2642 1149 2701 Pessime
1172 2649 1249 2704 enim
1269 2644 1421 2707 Scbles'er-

331 2744 488 2804 nocherus
515 2746 543 2804 ἓν
568 2742 637 2803 εἶναι
664 2746 696 2800 ia
717 2750 813 2803 treione
835 2745 1007 2801 commutari
1029 2745 1139 2816 voluit,
1169 2748 1332 2805 reluctante
1355 2749 1420 2823 ipsa

277 2857 280 2863 ’
330 2849 487 2908 munus.
530 2847 629 2921 ltaque
652 2866 690 2904 ex
711 2852 770 2914 acic
792 2846 873 2912 ἰδέαις
893 2846 987 2918 liquet
1007 2844 1042 2903 τά
1063 2848 1119 2918 εἴδη
1141 2848 1278 2905 existere.
1322 2849 1418 2922 Atque

331 2948 400 3007 binc
421 2949 610 3008 Parmeniden
632 2961 770 3025 protenus
792 2949 918 3027 colligit,
938 2945 973 3005 aci
994 2949 1049 3021 aida
1064 2949 1090 3004 si
1111 2959 1256 3025 ponantur
1278 2958 1418 3024 tanquam

332 3051 480 3110 absolutae
509 3054 619 3124 speeies
649 3051 791 3127 quaedam
818 3061 849 3108 et
874 3051 1003 3120 formae,
1037 3048 1073 3124 ab
1096 3053 1167 3108 solis
1190 3049 1419 3130 cogitationibus

329 3171 365 3211 ea
386 3153 531 3224 diversae,
552 3152 629 3227 quod
651 3151 761 3228 aliquid
784 3150 836 3207 sub
859 3169 890 3208 sa
913 3150 1075 3210 subiectum
1097 3148 1222 3210 habeant
1243 3169 1297 3209 aec
1320 3169 1417 3208 merae

327 3257 389 3314 siat
416 3258 551 3313 notiones
584 3256 704 3310 materia
740 3272 864 3324 raoaae,
892 3253 1022 3322 futurum
1048 3271 1129 3326 ease,
1155 3264 1188 3311 ut
1215 3274 1263 3312 res
1299 3255 1417 3310 illorum

327 3358 485 3435 participes
512 3366 563 3414 aut
592 3357 742 3433 cogitandi
771 3356 911 3415 facultate
938 3356 1089 3431 praeditae
1123 3335 1198 3430 itae,
1242 3364 1293 3414 aut
1328 3375 1416 3432 quara

326 3463 445 3518 iunctae
466 3461 526 3515 sint
548 3456 785 3536 cogitationibus,
807 3466 903 3514 tamen
926 3457 958 3513 vi
980 3455 1130 3533 cogitandi
1153 3467 1282 3520 careant.
1320 3455 1416 3514 Nimi-

325 3582 391 3622 ruar
419 3560 606 3619 Parmeniden
634 3559 775 3631 docebat,
803 3566 837 3615 ut
867 3567 912 3616 eat
941 3575 970 3617 r.
994 3560 1033 3615 88
1047 3575 1090 3633 sq.
1113 3555 1157 3615 ed.
1180 3556 1287 3616 Brand.
1317 3554 1417 3617 ιαῦτόι

325 3664 351 3726 δ’
369 3667 427 3725 ἐστὶ
448 3671 518 3724 νοεῖν
539 3688 565 3722 τε
587 3666 633 3722 καὶ
655 3662 761 3722 σῦιιειιὲι
781 3667 837 3720 ἐστι
858 3659 958 3735 νόημα·
982 3657 1014 3720 οὗ
1036 3660 1090 3738 γὰρ
1113 3656 1175 3719 ἄνευ
1196 3661 1245 3718 τοῦ
1268 3657 1364 3728 ἐόντος,
1387 3666 1425 3744 ἐι

325 3758 567 3847 {accumbebat
588 3769 666 3837 ἐστίν,
687 3763 805 3843 εὑρήσεις
825 3762 857 3823 ao*
880 3768 958 3821 νοεῖν.
981 3763 1065 3831 Quod
1087 3765 1244 3839 amplexati
1259 3760 1414 3838 Megarici,
1455 3816 1457 3821 ,
1524 3770 1527 3777 ’

324 3882 358 3929 ut
385 3870 520 3942 ridetur,
557 3872 627 3926 item
655 3869 742 3925 talem
769 3875 909 3943 putarunt
937 3884 1000 3923 erae
1035 3885 1072 3923 ex
1101 3863 1232 3922 Platonis
1269 3862 1415 3920 scatentia

323 3993 421 4032 aarum
444 3983 474 4031 et
496 3973 626 4029 idearum
648 3967 908 4038 necessitudinem,
937 3977 971 4024 ut
992 3969 1060 4026 illae
1082 3966 1293 4035 essentialiter,
1316 3972 1349 4020 ut
1371 3962 1415 4021 ita

324 4076 435 4145 dicam,
463 4078 493 4133 ia
523 4073 625 4132 harum
654 4072 790 4128 venirent
818 4071 1059 4128 communionem.
1110 4069 1174 4137 Qua
1196 4069 1342 4125 aenteatia
1365 4083 1415 4121 su-

324 4187 424 4253 scepta
452 4178 581 4251 prolecto
611 4194 671 4232 non
698 4181 814 4250 poterat
841 4172 906 4229 fleri
936 4174 1007 4247 quin
1029 4172 1137 4227 multae
1168 4180 1198 4226 et
1219 4160 1414 4248 gravissimae

322 4279 520 4340 dubitationes
548 4280 798 4336 subnascerentur.
864 4272 939 4332 Naar
969 4274 1011 4329 ita
1045 4274 1144 4347 utique
1174 4269 1415 4345 consequebatur,

321 4382 401 4458 quod
422 4382 478 4440 hoc
500 4384 564 4440 loca
585 4380 775 4437 Parmenides
797 4378 917 4446 statuit,
946 4385 996 4433 aut
1025 4392 1073 4432 res
1102 4393 1164 4431 erae
1187 4383 1346 4431 naturaac
1388 4369 1413 4414 ‘·
1527 4377 1532 4385 '

321 4495 435 4558 taates,
466 4495 516 4542 aut
544 4503 631 4561 quarn
654 4480 865 4560 cogitationum
888 4489 985 4535 essent
1007 4478 1174 4554 participes,
1207 4485 1304 4533 tamen
1327 4387 1411 4551 obg-

320 4589 404 4647 tandi
433 4590 463 4646 ri
492 4607 550 4646 non
580 4588 698 4664 pollere.
750 4581 834 4648 Quod
862 4584 1006 4641 utramvis
1035 4581 1191 4640 absurdum
1222 4597 1283 4636 esse
1311 4576 1411 4651 liquet.
1492 4635 1498 4639 „
