3775 5442
655 612 739 705 lgilrcr
760 615 877 691 primur.
921 615 1022 674 Sectie
1044 616 1079 675 i'.
1363 622 1405 683 ili

317 789 466 868 accipere
486 785 640 864 variisque
671 785 771 848 modia
802 789 930 861 nrntari,
965 787 1008 850 ita
1036 792 1070 849 ut
1103 789 1268 852 accedcute
1296 798 1405 853 natura

317 892 451 952 linientc
479 888 627 966 eneclplat
654 890 752 950 mrim
778 888 847 949 illae
880 891 1128 970 multiplicesque
1155 893 1292 970 apeciea,
1325 909 1404 972 quae

317 996 415 1075 vulgo
442 993 582 1053 idcenrm
613 993 736 1050 numine
764 992 968 1055 celebrantur.
1016 993 1119 1072 Atque
1150 1012 1188 1054 ex
1215 995 1264 1055 lus
1292 1002 1404 1074 rpentc

317 1096 526 1177 intelligitur,
556 1113 617 1173 nare
640 1094 733 1153 mode
756 1095 903 1173 capienda
930 1097 972 1157 eit
994 1098 1091 1158 altera
1113 1096 1190 1157 haec
1211 1097 1402 1176 hypothecis,

317 1220 380 1282 qua
403 1199 604 1261 Parmeniden
626 1198 785 1276 disquirit,
809 1199 883 1278 quid
904 1202 1014 1260 unitati
1036 1199 1079 1261 alt
1100 1208 1296 1273 eventurum,
1319 1202 1345 1263 ei
1368 1222 1404 1264 ee

317 1326 389 1367 eece
411 1305 541 1365 dicatur.
586 1301 617 1361 ld
641 1301 721 1360 enim
745 1302 821 1362 nihil
844 1302 927 1363 alitrd
950 1305 1115 1385 significet,
1143 1302 1203 1363 niel
1225 1301 1301 1377 hec,
1328 1307 1403 1385 quid

318 1409 361 1471 de
382 1426 465 1481 ena,
486 1407 551 1466 aire
574 1422 693 1465 aramma
717 1406 800 1476 ciue,
824 1407 905 1484 quud
928 1424 1003 1467 acre
1024 1386 1090 1479 eat,
1121 1405 1288 1484 principle,
1312 1424 1403 1487 apuu

317 1516 385 1573 tent
406 1507 554 1580 iudicari,
578 1507 605 1567 ei
627 1510 656 1567 ei
680 1508 815 1569 linientia
837 1510 980 1589 principii
1003 1511 1231 1571 circinatum
1255 1508 1402 1591 adiunga-

318 1624 381 1690 tur,
405 1615 449 1673 ite
468 1609 616 1690 utipaurn
636 1611 757 1671 diuitum
781 1612 899 1672 medat.
944 1612 1116 1691 Diligenter
1136 1609 1219 1670 enlm
1235 1614 1401 1674 tenendum

320 1724 388 1793 cat,
410 1716 541 1777 verbum
562 1709 644 1777 εἶναι
672 1715 703 1774 in
731 1713 790 1774 hac
812 1713 1031 1794 disputationi·
1059 1718 1148 1794 perte
1169 1730 1237 1773 eam
1258 1712 1327 1774 lere
1347 1717 1403 1777 ha»
1489 1784 1492 1788 ¹

320 1820 397 1879 bere
425 1818 486 1879 rlm
513 1822 546 1877 ct
574 1820 775 1896 patestatem,
807 1822 840 1876 ut
862 1816 1014 1897 significet
1036 1817 1085 1891 ld,
1109 1814 1193 1895 quod
1215 1815 1258 1876 ite
1281 1822 1345 1890 cet,
1367 1825 1402 1877 ut

322 1930 407 1984 certa
429 1920 542 1992 ferme,
565 1917 686 1978 ratione
698 1926 729 1978 et
744 1919 926 1980 ccrrdlciaue
941 1921 1084 2009 gaudeat.
1127 1918 1191 1982 Sed
1206 1919 1246 1979 de
1259 1918 1308 1980 lde
1321 1920 1401 1980 inire

323 2024 486 2087 dicendum
511 2022 571 2082 crit
593 2022 779 2101 explicatius.
824 2022 910 2083 Nunc
930 2024 1030 2102 ipsum
1056 2023 1269 2084 Parmenidem
1297 2024 1401 2083 audia-

322 2148 390 2189 mur
419 2128 646 2207 dinputnutcm,
681 2125 766 2185 cuiue
790 2124 864 2185 haec
892 2133 940 2187 eet
962 2124 1074 2187 iude·
1101 2148 1132 2208 p.
1156 2125 1226 2188 142.
1249 2126 1282 2185 B.
1305 2146 1400 2207 argri-

323 2230 482 2292 mentatio.

408 2334 507 2395 Unum
531 2333 556 2392 u
580 2341 642 2399 cal,
665 2332 779 2411 lnquit,
803 2351 863 2393 uon
885 2339 991 2413 pateat
1012 2330 1086 2391 illud
1107 2348 1166 2392 nen
1179 2351 1247 2393 cum
1262 2335 1399 2394 enacmin

320 2456 396 2498 erae
409 2437 591 2517 capulatum.
637 2438 735 2514 errrm
749 2437 843 2516 igitur
854 2444 886 2496 ct
902 2436 1027 2496 unitatis
1042 2440 1073 2494 et
1087 2437 1239 2496 essentiae
1261 2442 1399 2497 naturam

320 2560 382 2601 une
404 2538 642 2619 complectetur,
674 2550 784 2619 cpont-e
807 2540 1022 2619 coctaequitur,
1051 2546 1086 2598 ut
1108 2557 1144 2598 ex
1166 2540 1306 2616 partibile
1328 2557 1399 2600 cuu-

319 2646 421 2707 eletet.
465 2640 620 2721 Quidquid
643 2648 744 2702 eutem
768 2663 804 2703 eu
826 2643 966 2722 pentum
987 2646 1121 2712 cunctat,
1145 2641 1175 2700 id
1192 2643 1285 2701 etiarn
1301 2648 1398 2702 tatum

320 2756 410 2809 recte
436 2745 651 2825 appellabitur.
700 2744 799 2824 Igitur
824 2762 936 2816 rruuur,
970 2745 1019 2804 cui
1047 2744 1107 2804 hec
1135 2744 1293 2823 proprium
1331 2758 1400 2803 cese

321 2850 474 2919 dicimur,
496 2858 529 2909 ut
549 2848 607 2922 eit,
629 2854 729 2909 tetum
751 2847 877 2927 aliquod
898 2846 1026 2907 coniicit
1042 2846 1084 2921 *p
1129 2846 1189 2906 Sed
1216 2847 1281 2904 aive
1304 2838 1342 2905 τὸ
1366 2846 1400 2907 iu

324 2944 369 3013 ὃν
391 2952 456 3011 eire
479 2941 515 3011 τὸ
535 2944 572 3013 ὃν
594 2954 628 3013 ἓν
650 2953 807 3031 ponimus,
831 2953 1021 3012 innumeram
1045 2950 1214 3009 eeee'llntla
1229 2946 1309 3006 liuitl
1324 2950 1401 3005 mul·

320 3054 489 3116 titudinem
511 3054 722 3116 demonstrare
744 3055 859 3117 liceuu.
902 3041 1011 3117 Partes
1034 3052 1113 3112 culm
1136 3052 1215 3110 intua
1231 3044 1357 3109 trrrltatin
1371 3055 1403 3108 ct

321 3157 479 3221 caecutire
500 3166 561 3218 tem
587 3162 672 3218 arcte
692 3166 765 3220 euut
787 3159 868 3219 inter
890 3176 924 3220 ec
948 3159 1107 3237 copulatae
1122 3161 1215 3233 atquc
1228 3153 1400 3232 colligatae,

320 3270 358 3323 ut
386 3262 483 3322 ultera
511 3263 550 3320 ab
574 3262 671 3321 altera
692 3263 777 3323 nulla
805 3261 897 3322 mado
924 3263 1024 3342 paeelt
1054 3262 1145 3340 plane
1168 3256 1273 3318 divelli
1296 3276 1331 3316 ac
1353 3274 1401 3316 ee·
1477 3306 1483 3323 ,

318 3366 456 3448 gregati.
505 3362 609 3424 Facile
637 3365 730 3444 igitur
758 3372 899 3444 apparet,
931 3365 1111 3426 utramlibet
1136 3380 1243 3422 rtrrsue
1270 3361 1302 3420 in
1325 3360 1400 3420 deine

317 3476 429 3550 perte·
452 3467 599 3529 dletccrri
622 3467 723 3528 licere.
768 3471 853 3547 eree
865 3469 987 3547 quidem
1007 3467 1152 3528 dissectio
1166 3484 1258 3543 qurum
1274 3471 1403 3543 propter

318 3572 525 3634 arctimlmam
557 3572 682 3633 unitatis
710 3578 742 3632 et
772 3570 923 3632 esseutiae
952 3571 1195 3632 coniunctionem
1219 3569 1249 3627 in
1273 3568 1400 3646 stagnus

318 3676 466 3757 pertibue
488 3674 589 3735 denuo
613 3694 736 3755 semper
758 3674 880 3745 redeat,
909 3691 1101 3752 consequeus
1125 3678 1186 3743 ert,
1223 3679 1257 3730 ut
1284 3671 1401 3730 iuliulte

318 3778 476 3861 quaedam
498 3783 641 3840 nascetur
661 3778 792 3857 partium
816 3776 1000 3848 multitudo,
1031 3777 1110 3835 rrudc
1132 3775 1180 3846 id,
1205 3774 1285 3851 quud
1309 3790 1401 3833 uuum

317 3894 387 3958 ent,
413 3888 573 3963 postrema
594 3880 792 3942 multitudiue
814 3881 965 3942 inlinitum
989 3900 1057 3940 esec
1079 3886 1224 3958 appareat
1239 3879 1300 3953 ”p
1339 3878 1400 3937 lem

318 4008 397 4049 rere
431 3986 504 4064 quia
531 4005 624 4046 unum
653 3992 685 4045 et
711 3984 743 4044 id
766 3985 938 4063 quodcum
962 4002 999 4044 ee
1022 3984 1215 4044 coniunctum
1238 3998 1306 4042 esee
1329 3980 1403 4040 dici-

316 4113 407 4165 nrrrn,
444 4089 506 4149 hcc
534 4097 583 4151 eet
611 4085 724 4162 (νύσία,
759 4092 908 4166 quatenus
936 4104 993 4164 per
1019 4105 1054 4147 ee
1081 4089 1237 4156 constant,
1266 4086 1347 4142 luter
1368 4098 1403 4141 ac

315 4202 394 4259 runt
417 4192 557 4264 dircraa3
585 4190 708 4271 utrique
731 4191 821 4251 eiiam
843 4189 1005 4251 diversitas
1028 4190 1087 4249 erit
1109 4187 1313 4247 attribuenda.
1352 4185 1403 4243 lli-

315 4319 410 4363 rcraa
436 4278 518 4357 cuim
540 4301 705 4357 nascuntur
727 4292 911 4358 diversitate.
957 4294 1024 4370 Quo
1048 4294 1099 4367 ut,
1122 4298 1155 4350 ut
1177 4290 1215 4350 ad
1238 4288 1313 4350 dum
1335 4288 1404 4346 illae
