3775 5442
652 630 737 688 biber
757 633 878 709 primns.
920 632 1021 693 Sectis
1044 633 1079 693 ΙΙ.
1376 638 1418 699 bd

315 800 506 874 inducitur,
524 799 583 878 qui
603 806 734 880 propter
754 804 829 863 astla
851 804 1032 868 dialecticae
1053 806 1205 868 inscitiam
1221 806 1416 868 subtilissimi

317 902 535 982 disputatoris
564 903 773 967 dubitationes
794 924 855 968 non
877 914 984 988 potest
1004 910 1145 971 refutare
1166 917 1260 988 atque
1276 909 1414 971 idearum

317 1006 492 1088 doctrinae
519 1024 659 1068 caussam
686 1008 747 1068 rite
768 1014 960 1087 sustentare,
995 1032 1031 1073 ea
1057 1032 1109 1088 rc,
1144 1012 1204 1075 nisi
1226 1033 1414 1095 magnopere

318 1111 438 1184 fallor,
461 1110 551 1172 Plato
573 1111 749 1189 significare
777 1113 888 1189 soluit,
923 1114 1100 1176 istiusmodi
1122 1097 1332 1177 dubitationes
1354 1118 1414 1177 uti·

319 1232 386 1292 qne
403 1213 518 1274 cadere
529 1213 561 1274 ia
575 1214 748 1275 inchoatam
764 1221 881 1278 tantum
893 1218 1066 1297 rudemque
1081 1218 1250 1279 doctrinam
1261 1219 1413 1295 idearum,

321 1317 451 1396 quatem
474 1316 609 1379 fortmse
631 1319 699 1399 ipse
716 1320 789 1381 olim
807 1320 989 1382 adolescens
1004 1322 1211 1397 condidisset,
1234 1322 1413 1400 neutiquam

321 1428 431 1481 satem
461 1423 636 1483 ronrenlre'
653 1424 685 1485 in
711 1422 883 1504 perfectam
910 1425 1037 1503 suisque
1059 1425 1231 1486 rationibus
1253 1443 1314 1506 ope
1336 1427 1411 1486 artis

324 1525 511 1586 dialectices
540 1522 710 1587 stabilitam
745 1532 777 1586 et
809 1527 1021 1587 confirmatam
1057 1527 1215 1589 doctrinae
1249 1530 1411 1590 rationem.

325 1626 420 1705 Quod
442 1628 470 1690 si
491 1627 575 1690 band
596 1629 732 1690 absurde
753 1630 934 1704 statuimus,
957 1631 1032 1710 quid
1054 1632 1095 1690 de
1116 1636 1185 1693 toto
1207 1630 1268 1692 boc
1286 1631 1412 1692 locoin-

325 1731 494 1793 dicandum
515 1730 572 1806 sit,
595 1732 765 1793 clarissime
786 1732 959 1811 apparebit.
1002 1726 1195 1794 Enarrantur
1209 1734 1290 1793 enim
1305 1733 1357 1793 bic
1376 1753 1412 1792 es

327 1834 448 1907 omnia,
469 1850 551 1912 qnae
572 1835 611 1894 sb
634 1836 702 1897 aliis
723 1834 919 1915 pbilosophis
940 1844 1050 1898 contra
1064 1836 1254 1897 Platonicam
1271 1836 1411 1896 idearum

326 1936 499 1997 doctricem
521 1944 611 1998 erant
632 1938 804 2017 disputata,
835 1956 927 2018 quum
951 1946 1054 2001 tamen
1076 1940 1199 2020 qualem
1220 1940 1288 2019 ipse
1309 1938 1412 2017 pbilo-

327 2039 444 2119 sopbns
473 2058 545 2101 esse
574 2042 831 2103 veltet-idearum
852 2041 914 2102 sim
935 2048 969 2102 et
990 2049 1130 2102 naturam
1152 2058 1321 2120 earumque
1341 2060 1411 2101 cnm

326 2145 420 2205 rebus
449 2145 593 2206 sensibus
621 2145 768 2206 subiectis
790 2145 1068 2219 necessitudinem,
1101 2152 1154 2206 aut
1175 2146 1312 2207 noudum
1334 2145 1409 2205 satis

326 2247 510 2327 explicstnm
532 2251 618 2306 esset
638 2255 691 2307 ant
718 2250 756 2309 ab
778 2248 964 2311 advemsriis
990 2266 1052 2308 non
1074 2250 1233 2310 subtiliter
1255 2254 1410 2309 accurate-

324 2371 389 2431 que
408 2354 599 2430 perceptum.
644 2350 795 2428 Quocirca
815 2350 1020 2433 philosophus
1038 2350 1090 2411 bic
1107 2351 1253 2413 lubenter
1267 2352 1408 2433 largitur,

324 2454 535 2515 dubitationes
560 2453 632 2514 illes
658 2453 765 2533 utique
793 2455 988 2535 gravissimas
1015 2455 1114 2535 videri
1142 2456 1257 2517 debere
1280 2456 1326 2530 ei,
1356 2451 1409 2533 qul

324 2558 462 2620 nondum
484 2574 608 2616 omnem
630 2555 789 2617 doctrinae
809 2557 962 2618 rationem
983 2559 1176 2639 perceperit,
1198 2561 1332 2638 ideoque
1350 2557 1408 2617 So-

325 2667 441 2722 cratem
464 2658 539 2720 focit
565 2659 707 2719 iuvenem
732 2661 776 2720 ita
798 2679 868 2720 cum
889 2659 1076 2721 Permesside
1097 2663 1341 2742 colloquentem,
1374 2667 1407 2721 ut

324 2765 398 2826 bnlc
419 2763 489 2824 fere
510 2782 566 2842 per
590 2764 693 2823 omnia
713 2762 806 2823 focile
827 2763 985 2826 concedat.
1027 2763 1131 2842 Atque
1151 2765 1212 2825 boc
1235 2784 1272 2825 eo
1291 2765 1406 2824 rectius

323 2869 370 2928 ita
399 2866 504 2945 potuit
532 2868 713 2940 instituere,
751 2865 834 2944 quod
868 2866 901 2924 in
931 2865 1029 2924 sltem
1057 2865 1130 2925 libri
1156 2871 1261 2943 parte,
1297 2867 1406 2943 quibus

326 2969 448 3030 caussis
477 2973 564 3046 atque
584 2967 793 3030 fundamentis
822 2967 965 3027 universa
993 2966 1131 3027 idearum
1160 2968 1301 3026 doctrina
1329 2968 1407 3026 uite-

324 3079 434 3146 retur,
457 3072 596 3133 subtilius
619 3073 789 3151 explicarit.
832 3071 909 3132 Nom
930 3070 1112 3150 longissime
1132 3069 1276 3148 profecto
1295 3089 1312 3128 c
1332 3086 1405 3129 vcro

323 3178 522 3250 aberranmt,
556 3176 609 3255 qui
635 3176 667 3235 in
696 3195 732 3235 ea
760 3176 837 3235 nibil
863 3175 923 3236 nisi
953 3195 1049 3256 nugas
1078 3174 1254 3237 dialecticas
1283 3171 1332 3249 agi
1355 3178 1407 3231 ant

323 3281 503 3342 subtilitatis
525 3279 704 3339 dialecticae
725 3278 882 3357 specimen
903 3279 1028 3358 aliquod
1052 3278 1185 3356 proponi
1212 3276 1406 3336 existimave-

323 3391 405 3444 runt.
456 3384 548 3460 Quod
576 3384 674 3442 mirlto
701 3402 789 3441 secus
812 3400 882 3441 esse
904 3402 940 3442 uc
962 3382 1065 3460 potius
1087 3380 1225 3460 proferri
1248 3399 1299 3452 ea,
1327 3398 1405 3456 quse

322 3489 489 3568 plurimum
511 3487 632 3546 micant
654 3486 690 3544 od
707 3485 932 3564 infringendam
947 3486 1008 3545 rim
1022 3503 1129 3542 eornm
1144 3490 1404 3564 argumentorum,

321 3591 433 3669 quibus
456 3589 656 3648 Parmenides
677 3588 709 3646 in
730 3589 836 3666 priore
863 3589 936 3649 libri
960 3593 1049 3666 parte
1070 3586 1209 3647 idearum
1233 3586 1403 3647 doctrinam

321 3696 351 3755 in
375 3693 543 3754 discrimen
566 3692 708 3759 adduxit,
731 3689 890 3768 explicatis
913 3690 1139 3751 omnibusilbri
1158 3690 1297 3769 partibus
1314 3708 1403 3749 nemo

321 3805 424 3869 certe,
460 3802 494 3856 ut
521 3813 647 3874 sperare
674 3788 763 3867 licei,
795 3794 926 3872 emplius
953 3794 1117 3857 dubitabit.
1166 3797 1266 3871 Quium
1300 3801 1404 3853 autem

321 3905 410 3965 l'iato
440 3901 472 3961 in
501 3899 562 3960 boc
583 3899 662 3958 libro
685 3899 717 3958 id
739 3899 853 3976 egerit,
884 3906 919 3960 nt
940 3900 1101 3959 universae
1121 3898 1262 3957 idearum
1288 3898 1404 3957 doctri-

320 4028 377 4067 nae
400 4023 526 4066 caussas
548 4008 580 4062 et
601 4002 738 4062 rationes
760 3999 966 4080 patefaceret,
987 4018 1088 4079 eoque
1105 4000 1198 4059 modo
1212 4001 1404 4062 adversario-

322 4132 388 4171 rum
411 4107 644 4170 criminationes
665 4107 696 4167 in
720 4125 786 4166 eam
810 4105 964 4166 coniectas
985 4103 1170 4182 repelleret3
1206 4124 1261 4167 cnr
1288 4123 1325 4163 ea
1353 4121 1403 4161 ar-

321 4220 483 4295 gumenta,
506 4211 618 4290 quibus
640 4211 692 4270 isti
714 4211 860 4271 adversus
882 4209 982 4288 ipsum
1001 4208 1048 4266 usi
1066 4216 1171 4280 erant,
1194 4214 1280 4268 tanto
1298 4205 1403 4265 studio

322 4316 501 4397 exposuerit
528 4332 564 4373 sc
585 4315 679 4374 reinti
703 4311 934 4384 examinaverit,
958 4281 1072 4370 nemirfr
1085 4311 1225 4389 cuiquam
1239 4313 1403 4371 obscurum

322 4440 391 4484 esse
420 4418 548 4500 poterit.
599 4417 673 4476 Nem
702 4418 729 4478 si
757 4416 831 4494 quid
858 4416 890 4475 in
923 4416 961 4476 iis
984 4415 1095 4475 callide
1122 4415 1318 4473 immutasset
1351 4417 1404 4471 ant

320 4523 536 4605 praeteriisset
559 4521 699 4595 silentio,
724 4525 810 4579 certe
828 4518 1003 4595 neutiquam
1016 4519 1155 4577 futurum
1171 4514 1248 4586 fuit,
1274 4522 1307 4574 ut
1320 4516 1403 4593 quod

320 4628 383 4692 sibi
404 4631 629 4707 proposuerat,
651 4624 716 4685 nilo
739 4622 833 4684 modo
857 4628 1016 4681 assecutus
1039 4638 1109 4679 esse
1128 4618 1294 4676 rideretur.
1328 4618 1405 4676 bom
