3775 5442
389 680 453 745 140
634 670 809 732 Pnocm
835 663 1213 731 COMMENTARIUS

463 850 617 924 Μετέχσμίν
640 868 699 912 ποις
718 847 766 904 καί
785 839 861 917 ήμεῖς
881 841 1026 913 άληθείας,
1053 833 1116 897 ἀλλ’
1138 835 1170 895 οὗ
1187 839 1302 909 ταώτης,
1328 820 1365 909 ἧς
1384 838 1477 894 ἐκεῖνα

392 957 426 1012 ui
447 955 503 1024 είδη
520 953 680 1026 μετείληφεν,
701 938 769 1006 άλλά
790 951 834 1017 τής
854 941 885 1025 τή
900 941 1018 1021 ήμετέρηι
1039 947 1109 1007 ταξω
1130 945 1207 1020 σσρᾶ
1227 947 1273 1013 τῆς
1293 939 1475 1014 ΰομθῑᾮνῖαλ·

1265 1043 1399 1107 θἐίος.
1418 1038 1473 1095 είσῖ

395 1138 426 1216 δέ
445 1157 492 1214 καί
512 1156 687 1234 μερικώτεραι
708 1153 801 1224 ταίιτης
821 1151 939 1228 γνώσεις,
961 1152 992 1210 αῖ
1007 1143 1142 1226 μῖναλλσ,
1164 1171 1195 1206 αι
1184 1147 1243 1204 ’δέ
1264 1140 1334 1202 ἄλλο
1355 1145 1471 1219 γνωστὸν

328 1247 330 1251 V
396 1256 590 1324 ανελίττσυσαι,
618 1256 665 1313 καὶ
685 1256 716 1312 αῖ
734 1258 784 1329 μέν
803 1251 867 1331 περί
887 1257 934 1325 τήν
953 1255 1055 1329 γένεσιν
1075 1253 1250 1328 στρεφόμενοι
1272 1248 1321 1306 καί
1343 1248 1390 1316 τήν
1411 1245 1475 1301 ταί·

396 1385 442 1434 της
461 1361 610 1429 ποικιλίαν,
632 1360 662 1418 αῖ
681 1360 711 1415 δέ
732 1360 778 1429 τήν
798 1353 861 1427 ὃλην
881 1355 1083 1432 διερευνώμεναι
1104 1354 1199 1427 φήσιν,
1220 1355 1250 1411 αῖ
1272 1353 1301 1408 δι’
1321 1353 1372 1416 τάς
1395 1350 1479 1424 ῖπερ-

398 1467 473 1537 φυεῖς
493 1466 545 1519 τῶν
565 1461 648 1519 ὄντοιν
667 1461 826 1525 ’ὑποστάσεις
845 1461 1015 1534 θεωροῦσαι,
1036 1457 1134 1515 καίάῖ
1153 1458 1202 1531 μέν
1223 1457 1374 1525 αἰσθήσεσι
1394 1470 1478 1528 προσ

364 1584 367 1598 ¹
394 1566 533 1643 χρώμεναι
553 1563 601 1620 καί
619 1565 686 1636 μετά
706 1563 804 1620 τούτων
823 1562 854 1616 τδ
876 1561 1002 1637 σφέτερον
1022 1559 1101 1637 ἔργον
1121 1561 1373 1637 συμπεραίνουσαι,
1399 1553 1432 1610 αἱ
1449 1551 1481 1611 δέ

399 1670 452 1723 τῶν
476 1671 521 1740 τῆς
547 1666 698 1738 φαντασίας
722 1663 914 1740 προςδεδμεναι
940 1667 1117 1739 μορφωτικῶν
1143 1661 1286 1737 γνώσεων,
1315 1657 1348 1714 οῖ
1374 1657 1405 1715 δέ
1426 1659 1481 1720 τοῖς

399 1770 564 1834 δοξαστικαῖς
590 1766 751 1845 άρκοώμιναι
771 1767 885 1840 λέγοις,
913 1763 943 1822 αῖ
963 1765 993 1821 δέ
1013 1767 1060 1822 τήν
1080 1767 1208 1842 καθαράν
1233 1765 1318 1838 λόγον
1339 1756 1425 1817 αιἰτδν
1445 1755 1482 1820 είς
1531 1836 1535 1841 Ι

399 1875 495 1929 ἑαυτὸν
515 1872 735 1948 ἐπιστρέφουσαι,
767 1867 797 1923 αῖ
817 1867 846 1922 δέ
861 1866 904 1933 εἰς
924 1869 971 1923 τδν
997 1871 1060 1923 νοῖν
1086 1864 1271 1923 άνατείνσυσαι
1296 1856 1348 1920 τὸν
1368 1866 1398 1919 ἐν
1418 1856 1485 1933 ήμῖν

399 1975 497 2046 λόγον·
519 1971 586 2049 ὑπὲρ
606 1956 644 2026 ών
663 1968 711 2024 καί
731 1969 748 2025 ὁ
769 1974 797 2026 lv
811 1970 918 2042 Φιλήβῳ
930 1971 1072 2043 Σωκράτης
1093 1969 1262 2044 ἀφορίζεται,
1277 1969 1321 2036 Ιτέ’
1336 1988 1366 2022 τε
1387 1968 1484 2021 καθα-

401 2077 451 2152 ρδν
476 2069 563 2129 αὐτῶν
591 2071 638 2129 καί
663 2069 798 2147 εἰλικρινές
825 2070 871 2126 καί
896 2073 928 2125 τδ
955 2073 991 2143 μή
1018 2078 1137 2128 τοιοῦτον
1164 2072 1307 2147 διακρίνων
1329 2068 1377 2126 καί
1397 2071 1483 2142 λέγων

401 2178 449 2240 τάς
480 2178 530 2246 μὲν
562 2173 705 2242 αἰσθήσεσι
727 2175 867 2249 χρωμένας
898 2174 945 2228 καί
973 2178 1019 2228 τοῦ
1049 2174 1149 2237 εἰκότος
1177 2172 1416 2249 ἀναπεπλησμένος
1445 2164 1479 2224 ου’

402 2278 548 2350 καθαράς,
578 2277 626 2354 τάς
647 2274 676 2329 δέ
696 2268 760 2330 ἄνευ
779 2274 877 2330 τούτων
897 2269 980 2340 σῖσας
1001 2276 1111 2349 γνώσεις
1132 2279 1260 2352 καθαράς
1280 2271 1481 2350 καῖάκριβεῖς.

335 2372 476 2433 ἳίῖὅπου
496 2376 542 2432 καὶ
563 2379 660 2433 πασῶν
670 2379 769 2444 τεχνῶν
782 2368 923 2452 προῦθηκε
936 2377 983 2439 τάς
997 2380 1073 2453 τρεῖς,
1095 2377 1282 2454 ἀριθμητικήν,
1304 2373 1485 2452 μειραήτι),

403 2479 541 2548 στατικήν,
560 2476 727 2534 καίτοιίτων
746 2472 830 2544 άλίας
849 2480 897 2543 τάς
916 2481 1082 2552 φιλοσόφους
1096 2483 1148 2535 τών
1162 2481 1238 2554 παρά
1256 2484 1313 2546 τοῖς
1328 2473 1485 2560 πολλοῖςῑ),

404 2578 451 2638 καί
471 2581 569 2637 τοέτων
589 2575 671 2651 αιῖτήν
690 2579 854 2653 διαλεκτικήν
870 2582 903 2649 τδ
918 2583 1117 2659 καθαρώτατον
1137 2573 1222 2638 οὖσαν
1243 2584 1290 2638 νοῶ
1312 2580 1361 2637 καί
1383 2581 1487 2658 φρονή-

404 2706 478 2750 σεως.
520 2676 650 2753 τσσαώτης
669 2682 757 2738 τοίνυν
776 2683 971 2761 διαφορότητος
992 2688 1020 2740 έν
1039 2687 1097 2749 ταῖς
1117 2688 1274 2759 ἐπιστήμαις
1295 2679 1388 2757 οὔσης,
1409 2686 1488 2755 δῆλον

405 2787 441 2852 ῶς
461 2787 491 2844 αῖ
510 2790 560 2861 μέν
579 2779 682 2850 ἄλλων,
711 2785 742 2843 αῖ
762 2787 791 2842 δέ
811 2780 899 2843 ἄλλων
919 2784 987 2843 είυίν
1007 2791 1152 2857 ἐπιστητῶν
1172 2791 1304 2865 κριτικαί,
1327 2788 1377 2844 καὶ
1390 2783 1489 2855 vm’m'ir

404 2894 457 2947 τῶν
478 2888 515 2955 είς
536 2886 681 2960 άνάμνησιν
701 2882 764 2960 ήμῖν
783 2893 830 2946 τοῖν
851 2888 927 2953 ὄντος
941 2890 1174 2962 συμβαλλομένων·
1197 2885 1255 2946 οἷον
1269 2893 1426 2966 γεωμετρία
1441 2891 1490 2964 μέν

405 2994 452 3062 τδν
478 2993 613 3064 σχήματος
640 2994 668 3044 έν
694 2985 757 3062 ήμῖν
785 2994 930 3066 θεωροῦσα
957 2995 1052 3065 λόγον,
1080 2989 1244 3066 ἀριθμητική
1271 2995 1302 3049 δέ
1328 2996 1363 3050 τό
1386 2992 1416 3049 ἓν
1437 2999 1489 3051 τῶν

406 3092 535 3170 ἀριθμῶν
555 3085 624 3153 είδος
649 3093 800 3154 ἐξαπλοῖσα
827 3096 885 3158 ταῖς
910 3097 1004 3164 ίαυτής
1029 3092 1207 3159 άποδείξεσιν,
1232 3089 1298 3167 άλλη
1321 3096 1351 3151 δέ
1375 3090 1441 3153 ἄλλο
1460 3117 1488 3151 τι

313 3209 317 3224 ·
406 3197 459 3250 τῶν
487 3191 556 3245 κατά
582 3191 662 3268 μέρος
689 3198 849 3266 ἐπιστητῶν,
879 3188 899 3251 δι’
919 3200 974 3253 ἐστι
1000 3187 1070 3272 παρ’
1098 3189 1161 3266 ἡμῖν
1187 3193 1266 3261 ὄντα,
1295 3201 1343 3268 τήν
1366 3199 1489 3276 θεωρίαν

407 3291 470 3367 περί
490 3288 588 3345 τούτων
608 3300 766 3370 ποιουμένη.Ι
793 3297 835 3353 δεῖ
854 3298 886 3369 δή
907 3303 955 3355 τοῦ
975 3303 1020 3370 τῆς
1041 3299 1182 3371 ἐπιστήμης
1204 3297 1336 3371 ὀνόματος
1358 3302 1492 3373 άσφαίῶς

317 3466 323 3483 ¹
408 3387 523 3458 άκσώειν,
544 3390 591 3449 καί
612 3389 672 3452 οὔτε
692 3401 739 3465 τάς
759 3400 851 3469 τέχνας
870 3405 1004 3479 παράγειν
1024 3402 1061 3466 είς
1080 3404 1162 3475 μέσον
1182 3402 1228 3458 καί
1249 3407 1334 3474 ζητεῖν
1356 3405 1407 3461 καί
1428 3400 1492 3461 τοτ’·-

407 3516 460 3551 των
481 3494 566 3563 ἰδέας,
595 3491 639 3553 αῖ·
659 3499 689 3556 αῖ
707 3504 796 3575 χρεῖαι
817 3504 864 3573 τήν
882 3506 985 3577 γένεσιν
1005 3503 1101 3561 ἔδοσαν
1117 3497 1187 3580 παρ’
1209 3501 1288 3578 ήμῖν,
1317 3504 1432 3563 είκιίνων
1454 3509 1492 3565 εί-

408 3591 538 3653 κέατ’
504 3615 610 3662 συσαις·
632 3603 680 3666 τάς
699 3605 753 3678 γάρ
776 3602 810 3667 ώς
831 3603 941 3675 άληθῶς
961 3609 1107 3679 ἐπιστήμας
1127 3608 1333 3672 ἐνεικονίζσνται.
1358 3614 1492 3691 καθάπερ

407 3686 458 3756 σών
478 3704 531 3755 τῶν
552 3699 588 3764 εἷς
610 3698 703 3760 οὗοίαν
723 3699 865 3760 τελούντων
886 3702 1137 3781 συμβεβηκότων
1111 3730 1178 3764 ειναι
1200 3729 1290 3782 φαμεν
1311 3709 1402 3781 ἰδέας,
1426 3711 1493 3773 άλλ

408 3799 468 3871 σιῖχί
487 3806 539 3858 τῶν
560 3800 616 3858 άπὸ
637 3799 736 3860 τσώτων
756 3809 784 3859 ἐν
804 3799 894 3871 αλίοις
912 3811 997 3881 μόνον
1018 3811 1087 3865 κατά
1108 3811 1318 3890 συμβεβηκὸς
1307 3821 1493 3888 αποστάντοιν,

408 3905 454 3960 καῖ
477 3900 527 3975 ήδη
541 3904 572 3981 ³)
599 3906 705 3969 τελείοις
726 3925 785 3959 ουσι
813 3911 868 3970 τοῖς
895 3908 990 3965 είδεσιν
1016 3914 1236 3979 ἐπειςελθάντων,
1265 3911 1301 3979 οῖς
1327 3913 1493 3996 ἔμπροσθεν

408 4003 610 4081 διορίζομεν,
591 4008 754 4081 απηχήματα
766 4003 795 4079 ⁴)
817 4009 871 4085 γάρ
893 4003 960 4065 εἶναι
980 4016 1063 4068 ταῦτα
1085 4018 1138 4071 τῶν
1158 4017 1263 4073 έκεῖθεν
1283 4019 1400 4092 πρώτως
1424 4022 1495 4080 ὑπσ-

409 4106 525 4162 στάντων
532 4146 541 4170 ,
569 4103 639 4163 οὕτω
660 4107 691 4179 δή
713 4107 760 4163 καί
781 4110 827 4174 τάς
848 4113 940 4181 τέχνας
966 4114 1062 4171 είδωλα
1089 4121 1141 4174 τῶν
1167 4117 1318 4192 ἐπιστημῶν
1341 4117 1429 4189 σώσας
1452 4127 1495 4182 έν-

406 4209 500 4264 ταῖθα
526 4210 572 4279 τήν
596 4211 699 4285 γένεσιν
727 4209 811 4289 ἔχειν,
846 4217 892 4280 τάς
918 4216 948 4272 δέ
977 4216 1122 4291 ἐπιστήμας
1149 4214 1232 4284 αώτάς
1264 4219 1321 4280 άπδ
1350 4229 1406 4282 τῶν
1437 4231 1492 4286 ἐκεῖ

478 4543 553 4610 l.)C
574 4563 624 4596 om
642 4549 771 4615 μτρικήν.
808 4579 840 4589 -
874 4551 904 4619 2)
922 4554 957 4604 D
977 4578 1027 4609 των
1042 4560 1100 4630 περι
1117 4567 1173 4620 τοῖς
1189 4563 1247 4612 πολ.
1281 4592 1313 4602 -
1349 4567 1432 4633 3)st
1453 4570 1496 4620 καί

412 4627 532 4694 εἴδη-
568 4630 686 4698 4)c.'
670 4634 828 4702 απηχήματα
844 4648 968 4710 παρεῖναι.
