3775 5442
422 603 425 613 ¹
480 622 545 685 m
793 619 879 680 biber
899 619 1050 681 recondas.
1093 620 1192 681 Sectio
1214 620 1250 680 ii.

480 814 552 860 esse
579 797 774 868 amau,
809 792 1033 867 immutabiles,
1067 794 1286 874 sempiternas,
1327 810 1421 871 quum
1458 797 1564 855 cctara

481 899 582 961 omnia
608 874 733 977 seraper
759 902 955 958 mutarentur
988 915 1024 958 ac
1053 903 1205 976 perpetuo
1241 894 1337 957 seiuti
1371 896 1566 976 agitarentur

480 1000 617 1063 flumina.

566 1101 686 1180 Quium
697 1103 741 1164 ita
756 1103 912 1183 explicatis
930 1120 1089 1182 speramus
1101 1100 1183 1176 dore,
1206 1106 1241 1162 ut
1262 1102 1369 1175 muita,
1392 1119 1472 1180 quaa
1490 1101 1565 1164 viris

481 1205 583 1268 nata
604 1205 710 1268 annac
725 1206 818 1268 dubia
838 1207 903 1268 visa
924 1211 997 1266 siant
1018 1211 1051 1266 et
1070 1205 1199 1280 incerta,
1220 1209 1371 1283 protenus
1384 1205 1469 1265 clara
1488 1204 1566 1265 dant

481 1315 515 1371 et
546 1311 718 1391 perspicua.
782 1311 859 1372 Nam
891 1310 1024 1390 primum
1058 1307 1183 1389 quidem
1217 1313 1346 1387 apparet
1380 1307 1565 1381 certissime,

479 1411 579 1474 naum
601 1413 639 1474 ab
660 1411 739 1476 ideis
760 1431 821 1474 non
842 1414 943 1475 minus
965 1430 1036 1474 csse
1056 1410 1230 1484 diversum,
1254 1429 1344 1488 qnam
1366 1429 1504 1473 caussam
1525 1409 1566 1470 ab

481 1513 617 1590 effectis,
648 1521 806 1578 auctorem
831 1517 871 1577 ab
901 1516 996 1577 rebus
1024 1513 1196 1594 generatis,
1224 1513 1415 1592 mirificeque
1442 1530 1566 1576 errasse

480 1617 658 1683 Platonicos
678 1619 881 1695 recentiores,
903 1637 1034 1698 quorum
1056 1635 1185 1678 numero
1207 1634 1307 1695 nuper
1327 1615 1418 1676 etiam
1435 1617 1567 1678 accessit

481 1719 651 1783 Boaritziua
682 1722 851 1803 plaudente
882 1718 1141 1793 Hortenatea'uio,
1183 1720 1236 1799 qui
1262 1719 1359 1779 Deum
1394 1719 1565 1780 secundum

481 1823 642 1888 Platonem
664 1823 945 1905 putanrntqideam
973 1822 1047 1883 boui
1068 1841 1147 1884 esse.
1213 1825 1299 1901 Qarae
1320 1829 1471 1900 quatenus
1493 1822 1565 1883 idea

481 1933 541 2002 eat,
568 1927 711 2006 proiecto
745 1946 808 1991 non
834 1924 960 1987 aliunde
986 1925 1046 1987 nisi
1074 1926 1113 1987 ab
1146 1925 1216 2005 ipso
1245 1925 1311 1986 Deo
1344 1924 1564 2003 proficiscitur.
1609 1943 1617 1963 ι

482 2029 662 2110 Quanquam
697 2029 857 2093 absolutae
888 2027 1090 2109 perfectionis
1108 2027 1281 2108 ·cxemplar
1309 2028 1417 2114 ntique
1448 2027 1481 2089 in
1508 2045 1565 2089 un·

481 2131 566 2192 miae
584 2131 689 2192 divino
710 2129 809 2207 inest,
836 2137 872 2191 ut
899 2134 977 2194 adeo
999 2151 1086 2194 mena
1116 2129 1216 2192 divina
1243 2130 1317 2191 boni
1337 2131 1439 2192 ideam
1462 2131 1566 2192 conci-

480 2233 570 2312 piens
591 2253 677 2297 suam
698 2233 796 2313 ipsius
815 2234 960 2296 uirtutem
983 2233 1120 2314 cogitare
1142 2234 1343 2295 existimanda
1365 2234 1416 2296 sit.
1445 2232 1567 2295 Deinde

480 2335 558 2397 idud
580 2354 704 2416 quoque
725 2336 818 2400 facile
838 2356 920 2399 nunc
934 2338 1141 2422 intelligetur,
1164 2337 1239 2415 quid
1260 2336 1300 2398 de
1322 2337 1567 2400 celebratissima

480 2439 536 2501 iiia
556 2440 693 2502 idearum
715 2444 932 2504 commuuione
954 2442 1020 2504 sive
1040 2440 1277 2521 participatione
1298 2442 1340 2502 sit
1356 2442 1566 2514 statuendum,

482 2541 528 2605 de·
554 2562 616 2622 qna
651 2543 721 2623 ipae
755 2545 844 2608 Plato
878 2546 1008 2607 subinde
1047 2543 1186 2624 loquitur
1205 2543 1425 2617 dubitantius,
1468 2543 1566 2604 veluti

456 2643 639 2708 -Pbaadon
674 2664 706 2726 p.
729 2647 800 2711 luo.
813 2648 850 2710 1).
916 2650 1018 2728 Quum
1049 2649 1131 2708 euim
1158 2665 1210 2709 res
1242 2646 1418 2708 individuae
1448 2645 1565 2708 mentia

481 2749 640 2810 subiectae
660 2748 723 2812 sint
742 2753 930 2827 notionibus,
951 2751 1158 2832 philosophus
1179 2749 1355 2811 iaciendum
1377 2748 1506 2828 putavit,
1529 2753 1567 2810 ut

482 2857 584 2913 ortum
608 2872 713 2913 earum
735 2872 772 2914 ex
794 2855 873 2918 ideis
894 2862 1063 2936 repeteret,
1086 2854 1201 2933 quippe
1221 2873 1279 2934 pcr
1300 2871 1375 2932 quas
1390 2853 1566 2914 extitissent

481 2955 588 3025 finitae
614 2962 708 3035 atque
734 2959 827 3020 certis
857 2958 1058 3038 qualitatibus
1083 2953 1243 3036 praeditae
1271 2956 1449 3017 euasissent.
1499 2954 1565 3016 Nec

481 3060 583 3153 miuus
601 3060 677 3121 iliud
692 3061 752 3120 iam
772 3062 889 3140 poterit
909 3062 1039 3123 indicari
1054 3079 1091 3120 ac
1112 3058 1248 3133 decerni,
1271 3060 1311 3119 de
1333 3076 1395 3136 quo
1418 3058 1479 3119 dici
1500 3076 1565 3119 uon

481 3168 588 3243 potest
610 3168 786 3240 quantuma
800 3164 988 3227 doctissimis
1009 3162 1185 3225 bominibus
1207 3161 1248 3222 sit
1269 3160 1453 3237 dubitatum,
1473 3161 1565 3222 ideae

481 3263 620 3326 Platonis
650 3283 722 3324 num
749 3284 807 3343 pro
834 3267 1033 3341 substantiis,
1056 3286 1132 3345 qnas
1153 3268 1278 3338 vocant,
1307 3263 1469 3325 habendae
1489 3263 1564 3337 sint,

483 3386 522 3426 au
543 3366 620 3428 nibil
649 3366 712 3427 sint
740 3367 823 3429 aliud
853 3367 911 3430 nisi
937 3388 1043 3431 merae
1071 3370 1183 3431 mentis
1204 3367 1358 3429 notiones.
1399 3366 1565 3429 Platonem

420 3534 425 3541 ,
483 3471 564 3534 enim
586 3472 780 3551 exploratum
808 3470 1014 3533 babemus·*in
1038 3472 1117 3535 ideis
1138 3490 1243 3532 reram
1272 3465 1389 3533 οὐσίαν
1410 3469 1565 3531 contineri

482 3576 639 3648 statuisse.
673 3578 862 3656 Quamquam
884 3593 1071 3655 magnopere
1094 3574 1260 3637 cavendum
1283 3579 1333 3636 eat
1354 3572 1454 3634 neiis
1476 3572 1564 3634 notio

481 3687 627 3740 terrenam
660 3679 788 3741 miccius
823 3678 1028 3743 concretionis
1064 3679 1283 3752 admisceatur,
1330 3696 1348 3737 a
1381 3695 1442 3756 qua
1477 3679 1565 3737 certe

481 3783 600 3845 liberae
631 3788 705 3844 sunt
739 3788 832 3860 atque
863 3781 1024 3846 immunes.
1089 3784 1190 3860 Quum
1220 3781 1300 3842 enim
1328 3778 1393 3857 siat
1416 3777 1564 3841 notiones

483 3886 617 3949 cucutia
638 3884 808 3968 praeditae,
830 3884 1008 3971 neartiquam
1029 3882 1137 3959 ierunt
1157 3885 1296 3946 locorum
1315 3878 1564 3959 aut'temporum

481 3991 629 4064 rationes,
653 3991 768 4071 quippe
788 3986 925 4068 ipsarum
939 3993 1068 4048 naturae
1080 3986 1317 4067 haudquaquam
1333 3983 1564 4046 convenientes.

481 4093 562 4155 Sunt
583 4089 811 4171 enirnupino
833 4108 976 4151 ararum
998 4108 1036 4150 ex
1056 4107 1159 4151 crassa
1180 4087 1308 4150 materia
1321 4087 1564 4167 compositarum

482 4194 717 4261 maianus
742 4186 860 4257 nonae
887 4198 920 4252 et
948 4193 981 4252 iu
1008 4211 1044 4255 se
1069 4193 1239 4254 absolutae.
1290 4190 1443 4268 Quocirca
1469 4188 1565 4249 etiam

482 4298 628 4369 ditum
641 4315 706 4380 per
725 4314 763 4361 te
782 4296 955 4361 meatus
977 4302 1010 4357 et
1030 4286 1116 4358 adad
1140 4287 1223 4356 καθ’
1249 4283 1335 4354 αὐτὰ
1358 4288 1458 4367 εἶναι,
1481 4289 1565 4372 quod

481 4398 585 4485 {pm
599 4398 793 4473 Aristoteles
813 4397 917 4462 serbis
937 4394 1152 4479 χωρίζεσθαι,
1172 4386 1338 4479 χωριστὸν
1360 4385 1563 4479 εἶναιπαρὰ

484 4496 528 4569 ui
543 4498 720 4583 onom,
744 4491 910 4584 χωριστὸν
931 4493 1016 4562 εἶναι
1038 4501 1098 4576 τῆς
1119 4495 1214 4575 ὕλης,
1236 4497 1436 4578 significavit,
1465 4495 1564 4557 veiutl

483 4604 660 4702 Metnpbpa.
682 4584 836 4687 mii.
858 4601 938 4665 Xiii.
962 4601 993 4665 4.
1013 4607 1047 4665 et
1067 4603 1099 4666 d.
1154 4597 1363 4683 Quampbrem
1386 4617 1444 4661 uec
1465 4599 1566 4661 nssrrm

959 4724 982 4781 d

1460 4996 1476 5033 ἱ
