3775 5442
477 629 542 694 m
806 628 892 688 Liber
913 630 1025 689 tertios.
1069 629 1170 690 Sestio
1193 629 1241 689 ill.

480 802 553 865 iilos
579 801 714 863 iertssse
742 801 805 880 ipsi
829 801 904 862 vitio
934 801 1066 861 vertisse
1090 801 1202 863 mode
1231 802 1443 883 suspicemur,
1482 806 1567 884 qnod

482 905 684 968 Psrreenides
715 903 877 966 Soerstem
916 903 1146 966 adolescentem
1176 905 1220 966 eit
1252 907 1389 969 nondum
1424 908 1500 969 setis
1533 911 1568 970 in

482 1009 652 1071 disiectleis
684 1025 755 1070 esee
783 1015 938 1068 serentum
966 1005 1102 1084 ideoque
1129 1025 1201 1070 eum
1229 1009 1399 1071 arbitratur
1423 1010 1567 1072 ideerum

482 1114 643 1176 doetriose
668 1128 731 1172 nen
752 1111 830 1173 sotis
852 1110 931 1172 lueis
954 1109 1120 1173 efiundere
1140 1131 1253 1192 poese3
1284 1118 1351 1174 tum
1373 1113 1466 1174 etiem
1487 1114 1567 1175 illud

483 1215 598 1278 illustri
631 1215 736 1294 sliquo
770 1213 877 1276 docuit
910 1214 1068 1292 exemplo,
1106 1216 1288 1296 praestigios
1324 1215 1418 1289 istos,
1454 1217 1569 1295 quibus

482 1317 612 1380 Erietiel
632 1325 753 1379 mentes
774 1316 933 1378 homtnum
955 1315 1112 1393 tollerent,
1133 1318 1243 1398 utique
1263 1318 1433 1393 evitendes,
1455 1322 1568 1382 verlee-

483 1439 553 1482 rum
580 1426 684 1481 sutem
711 1419 928 1499 ambiguitates
956 1420 1123 1498 diligenter
1149 1421 1305 1481 rimundus
1333 1428 1427 1500 etque
1448 1423 1480 1483 iu
1502 1424 1567 1485 dis-

484 1525 621 1606 putendo
643 1521 961 1587 reuss-semiermes
984 1541 1063 1584 esee.
1119 1524 1222 1602 Quum
1242 1522 1340 1601 igitur
1360 1524 1422 1586 lnce
1443 1529 1569 1590 nomine

484 1647 605 1710 ummo
624 1629 667 1691 sit
687 1629 765 1701 eius,
788 1645 879 1706 queem
901 1645 919 1686 s
938 1624 1123 1687 Permenide
1143 1625 1316 1687 innitentem
1338 1628 1480 1706 vidimus,
1504 1633 1568 1694 dis-

485 1731 655 1813 putationis
675 1731 846 1793 similitudo
868 1747 938 1792 eum
952 1728 1110 1810 Megsrlee
1134 1728 1311 1790 disserendi
1332 1736 1567 1810 consuetudine,

484 1841 589 1896 temen
610 1853 760 1896 summam
782 1834 863 1894 iuter
883 1839 1047 1910 utromque
1068 1831 1351 1895 dissimilitudinem
1371 1835 1567 1901 intercedere

485 1944 549 1999 um
571 1942 691 1996 eertum
712 1944 864 2015 putemus,
888 1954 979 2014 quem
1001 1937 1085 2016 quod
1106 1943 1156 1996 est
1181 1934 1397 2001 certissimum.
1418 1939 1569 2005 Nimirum

486 2039 638 2118 Megsrlei
665 2055 772 2099 revers
799 2038 887 2099 triete
908 2042 1073 2120 genisque
1094 2037 1273 2121 sophisticis
1295 2039 1344 2101 usi
1365 2049 1448 2118 sunt,
1477 2063 1515 2105 es
1535 2046 1568 2107 io

485 2143 655 2208 reversed
677 2141 836 2203 licentius:
857 2140 1059 2202 Permeuides
1079 2149 1183 2202 sutem
1206 2140 1382 2206 Pletonieue
1405 2154 1568 2225 qusnturn-

485 2248 533 2310 sls
559 2248 725 2308 ruborum
752 2243 878 2306 ireudes
908 2240 1081 2304 consecterl
1108 2241 1263 2318 videetur,
1293 2252 1413 2323 umen,
1445 2251 1474 2312 ei
1500 2269 1568 2313 rem

487 2357 630 2413 sccurste
649 2346 845 2421 consideres,
867 2347 952 2408 vsrie
974 2350 1007 2406 et
1027 2345 1193 2425 multiplici
1213 2365 1323 2409 eorum
1344 2350 1570 2430 signidestlone

487 2452 717 2536 sepientissime
736 2450 776 2512 ed
797 2450 875 2512 illud
896 2447 1110 2528 explicendum
1131 2449 1239 2524 utitur,
1262 2452 1344 2530 quod
1359 2454 1568 2534 disputetiooe

486 2576 543 2622 sue
564 2557 722 2619 iliustrsre
742 2553 885 2615 instituit.
917 2551 1022 2631 Atque
1042 2550 1121 2613 haec
1142 2553 1170 2614 si
1191 2572 1265 2614 vere
1287 2562 1341 2616 eut
1361 2559 1471 2620 seltem
1492 2579 1567 2641 pro·

486 2659 634 2722 molliter
657 2654 898 2736 diepsetsoimus,
933 2648 1028 2717 focile
1057 2657 1152 2718 etiem
1184 2658 1394 2740 intelligetur,
1422 2664 1496 2742 quid
1525 2644 1566 2725 de

487 2781 594 2825 eorum
625 2761 779 2831 seuteruis
807 2759 1041 2821 existimendum
1064 2760 1123 2836 stt,
1154 2762 1209 2842 qul
1230 2763 1391 2824 Plutonem
1420 2773 1568 2846 putsruut

487 2868 521 2929 ln
542 2866 603 2927 lnoe
624 2883 768 2926 sermone
788 2864 819 2926 id
843 2862 1038 2943 potissimum
1060 2865 1173 2943 egisse,
1195 2873 1232 2927 ut
1251 2866 1420 2931 artificioso
1433 2872 1567 2949 quodem

487 2970 737 3052 syllogismorum
765 2967 987 3028 nectendorum
1014 2966 1101 3040 lusu,
1127 2969 1161 3029 in
1188 2968 1249 3030 hoc
1278 2970 1398 3032 scilieet
1424 2990 1568 3034 sermone

488 3076 573 3135 omrei
593 3072 762 3146 eouspIeuo
783 3070 839 3128 illo
861 3075 956 3147 etqsre
977 3068 1152 3145 meniieeto,
1174 3071 1385 3135 Eieetieorum
1407 3082 1440 3133 et
1461 3075 1569 3154 Mege-

488 3177 624 3235 rieorum
653 3179 750 3230 ertem
778 3178 871 3247 etque
907 3172 1080 3234 doetriuem
1113 3175 1339 3254 perstringeret
1369 3195 1405 3237 se
1439 3178 1567 3240 rideret.

488 3277 565 3339 Nem
593 3273 723 3353 primum
753 3273 876 3350 quidem
905 3274 981 3332 uileil
1011 3294 1138 3354 usqusm
1166 3278 1318 3341 irrisionis
1353 3279 1472 3342 videre:
1504 3281 1568 3343 imo

488 3377 590 3438 omnin
618 3377 710 3457 plene
736 3383 808 3435 eunt
833 3377 999 3455 siugulerie
1026 3378 1183 3441 euiusdem
1212 3382 1384 3458 severitetis
1412 3391 1445 3445 et
1466 3402 1569 3447 moro-

487 3501 541 3545 sse
562 3479 783 3561 propemodum
813 3481 1013 3543 esurieritstie.
1063 3483 1131 3545 Nisi
1156 3485 1240 3546 forte
1260 3485 1307 3546 illl
1328 3486 1431 3547 iocum
1453 3489 1569 3550 lusum-

488 3585 600 3664 quein
623 3603 662 3643 eo
693 3584 925 3661 quaesite-runt,
956 3587 1039 3664 qued
1069 3605 1148 3666 quse
1167 3588 1228 3667 ipsi
1249 3606 1311 3649 uon
1333 3590 1568 3667 intellexissent,

486 3706 525 3747 es
560 3705 602 3748 ue
632 3685 672 3745 eb
704 3685 848 3746 Eleaticis
881 3689 1007 3765 quidem
1040 3691 1199 3752 intellecto
1243 3710 1313 3753 esee
1348 3692 1573 3756 existimerent‘

487 3791 578 3870 Quod
599 3797 701 3851 temen
723 3788 837 3848 nemini
859 3800 944 3852 certe
966 3794 1165 3872 probabitur,
1199 3794 1347 3875 quiquid
1369 3797 1412 3859 sit
1432 3799 1515 3875 quod
1537 3798 1570 3859 in

486 3896 548 3958 lroe
568 3895 651 3956 liltro
672 3891 859 3971 explicetur,
892 3894 961 3955 istie
990 3896 1161 3958 euidentius
1183 3899 1385 3978 perspexerit.
1449 3899 1570 3962 Deinde

486 3999 581 4059 etism
606 3995 745 4059 Plutonis
778 3995 902 4074 ingenio
939 3999 1031 4075 plene
1064 4000 1224 4080 iudignum
1255 4000 1368 4076 inerit,
1412 4002 1568 4083 integrum

485 4101 599 4162 illerum
623 4099 836 4178 composuisse
864 4101 958 4162 meris
988 4103 1078 4182 nugis
1106 4103 1285 4184 sophisticis
1317 4111 1472 4184 temquem
1500 4125 1569 4168 sre-

484 4220 611 4265 nesrum
633 4202 705 4264 telis
726 4202 889 4265 reiertum.
929 4205 1007 4282 Quis
1028 4207 1109 4267 enim
1130 4206 1338 4269 Lelbnltsium
1360 4210 1492 4287 aliquem
1516 4218 1570 4270 eset

483 4306 627 4366 iisntlum
666 4312 720 4366 sut
749 4306 970 4385 schellingium
998 4312 1127 4388 probet,
1161 4311 1189 4372 ei
1223 4311 1292 4391 quie
1326 4329 1433 4373 eorum
1474 4313 1569 4373 tslem

483 4409 596 4471 illerum
626 4408 863 4488 conscripserit,
896 4409 929 4469 in
955 4428 1017 4488 quo
1045 4414 1123 4477 nihil
1150 4413 1235 4476 eliud
1264 4415 1476 4489 conducetur,
1508 4414 1569 4476 eisl

484 4519 694 4572 contortorum
730 4517 764 4572 et
798 4511 1006 4574 scelestorum
1046 4519 1363 4581 conclusiuneuisrum
1407 4519 1569 4597 congeries

361 4621 364 4628 '
484 4614 648 4690 qnsedem,
679 4615 760 4675 uude
781 4622 942 4694 postremo
964 4617 1042 4679 nihil
1063 4619 1261 4695 efficeretur,
1284 4620 1346 4684 nisi
1366 4622 1444 4684 levis
1466 4621 1569 4700 eliqus
