3775 5442
651 642 737 702 biber
758 645 875 721 primns.
920 642 1021 703 Sectio
1044 644 1078 705 V.
1345 645 1409 711 118

322 815 456 878 Accedit
478 813 612 892 denique
635 817 752 875 tertios
781 834 871 889 usus,
906 831 968 894 quo
997 823 1125 893 utraque
1147 816 1201 878 ilia
1222 816 1408 895 significatio

322 920 356 980 ln
379 937 475 979 unrrm
498 917 630 978 eoniiata
652 923 717 991 eat,
740 920 784 979 ita
805 925 854 993 ut,
877 918 1027 998 quidquid
1050 920 1090 979 de
1111 919 1241 998 singuliis
1259 920 1408 989 ideisdi·

322 1023 426 1094 citur,
459 1019 543 1082 idem
571 1020 610 1080 de
634 1021 777 1082 rrtrlverso
806 1027 878 1083 ente
905 1021 993 1082 linito
1021 1021 1125 1080 valere
1148 1023 1343 1085 statuendum
1367 1026 1408 1085 sit

322 1136 356 1186 et
378 1124 526 1187 vicissim.
570 1125 656 1202 Quae
679 1143 772 1203 quum
794 1124 838 1185 ita
858 1124 936 1196 sint,
959 1125 1089 1203 singuiis
1104 1127 1135 1186 ln
1152 1127 1227 1189 loeis
1241 1127 1410 1208 diligenter

322 1228 493 1289 ridendum
511 1232 571 1300 est,
593 1246 752 1307 quamnam
767 1227 916 1288 rationem
929 1226 1012 1287 ierat
1024 1230 1300 1307 argumentationis
1312 1241 1408 1292 nexus

323 1340 356 1394 et
385 1347 591 1412 progressos,
626 1347 779 1408 quamque
800 1336 994 1409 aspernetur.
1024 1332 1130 1410 'Qtrod
1152 1351 1212 1395 non
1233 1335 1313 1394 adeo
1335 1353 1407 1395 esse
1433 1385 1436 1392 ,

324 1434 473 1509 diiiiciie,
511 1438 545 1493 ui
567 1451 675 1494 omnes
695 1432 811 1512 ingenii
834 1434 917 1495 vires
939 1438 1119 1511 exstiperet,
1146 1441 1256 1514 postca
1280 1436 1408 1498 demon.

325 1538 487 1600 strabitur.
531 1536 595 1597 Sed
616 1554 656 1595 ne
678 1535 737 1597 bae
759 1535 883 1613 quidem
905 1537 1047 1595 vocabuli
1061 1536 1299 1615 significafiones
1318 1543 1407 1601 satis.
1466 1604 1473 1615 ἱ

325 1641 443 1703 iaciest
469 1638 527 1713 ils,
563 1641 616 1719 qui
638 1647 772 1701 mentem
797 1638 987 1700 Parmenidis
1009 1639 1133 1716 penitus
1154 1642 1333 1721 perspicere
1354 1660 1407 1703 co-

324 1744 420 1823 pirnt.
465 1741 543 1803 Nam
566 1756 766 1824 unaquaeque
789 1742 912 1802 iliarum
934 1743 978 1803 lta
994 1746 1246 1821 esteomparata,
1269 1753 1302 1807 ut
1315 1764 1407 1805 ursum

325 1846 447 1907 bubum
476 1864 585 1907 rursus
613 1853 706 1926 queat
733 1847 901 1925 dupliciter
928 1844 1071 1925 intelllgi.
1122 1846 1224 1925 Quum
1252 1846 1332 1907 eninr
1363 1848 1407 1921 id,

327 1949 409 2028 quod
431 1965 507 2009 rere
529 1950 647 2011 exstitit
667 1950 732 2012 slve
754 1956 803 2011 est
824 1943 908 2029 (das
921 1943 1145 2032 Dasmenda),
1167 1949 1274 2012 autin
1295 1968 1331 2012 sc
1353 1952 1408 2011 ab·

326 2053 461 2113 solutum
490 2051 547 2125 ali,
581 2058 618 2113 ut
650 2071 711 2113 non
739 2053 930 2114 extrinsecos
965 2049 1116 2129 pendeat,
1148 2058 1202 2113 aut
1233 2054 1407 2133 comparari

327 2162 419 2235 queat
446 2173 516 2215 cum
545 2152 614 2225 aliis
642 2171 743 2234 eoque
765 2155 895 2227 reiorrl;
928 2154 998 2214 idea
1019 2153 1082 2216 sive
1104 2157 1257 2234 generalis
1280 2159 1322 2218 sit
1343 2159 1407 2217 sive

325 2265 445 2338 partem
467 2256 592 2335 generis
614 2257 746 2333 eiiciat,
769 2261 818 2320 vel
840 2277 897 2337 per
918 2275 952 2318 se
969 2263 1075 2337 potest
1093 2260 1243 2337 spectari,
1266 2261 1314 2320 vel
1337 2280 1405 2320 cnm

325 2363 396 2422 aliis
426 2360 540 2422 coliata
568 2360 766 2422 considerari.
817 2360 853 2422 id
880 2363 965 2440 qnod
996 2361 1173 2423 aorrtisrlme
1193 2363 1271 2422 sidit
1291 2363 1406 2423 subtile

325 2465 464 2527 Platonis
491 2463 659 2541 ingenium.
717 2463 868 2540 Quocirca
902 2465 967 2525 enti
993 2464 1039 2524 illi
1069 2464 1131 2524 boc
1159 2463 1251 2525 etlam
1281 2468 1406 2527 nomine

324 2569 409 2628 rarle
429 2573 524 2645 atque
546 2563 668 2625 diversa
689 2567 814 2627 attribui
837 2567 963 2627 minime
984 2566 1171 2629 mirabimur.
1214 2569 1303 2628 Aliae
1324 2570 1405 2628 enim

324 2688 430 2733 rerum
452 2666 670 2737 attributionee
693 2678 870 2748 emergunt,
899 2670 926 2730 sl
949 2687 1006 2748 per
1026 2689 1062 2729 se
1084 2676 1278 2747 spectantum
1315 2673 1405 2746 allae,

324 2775 353 2835 si
374 2770 556 2833 referuntur
577 2770 615 2830 ad
640 2770 714 2830 alias
737 2790 805 2831 cum
827 2771 927 2851 lisque
949 2772 1169 2835 communitate
1187 2775 1316 2849 quadam
1331 2792 1405 2835 eon-

324 2876 453 2937 iuuctae
475 2892 543 2934 esse
567 2875 752 2954 cogitantur.
779 2906 781 2911 ,

417 2976 517 3055 Atque
535 2976 586 3038 bic
606 2976 698 3037 video
720 2996 770 3037 me
792 2976 920 3042 adeam
942 2973 1121 3053 pervenisse
1139 2974 1328 3054 quaestionis
1352 2995 1407 3035 no-

325 3086 414 3142 strae
434 3087 566 3158 partem,
589 3100 649 3160 qua
671 3079 893 3158 explorantium
914 3084 979 3152 est,
1002 3078 1076 3157 quid
1098 3079 1139 3140 de
1161 3080 1229 3140 τῶν
1247 3072 1357 3140 ἄλλων
1378 3078 1408 3138 si

325 3189 360 3243 et
381 3182 604 3262 dguillcstioue
624 3184 821 3249 iudicandum
834 3182 893 3245 eit.
936 3184 1038 3261 Quium
1072 3184 1153 3243 enim
1176 3180 1279 3242 bisin
1302 3189 1407 3263 poste-

326 3287 411 3348 riore
438 3285 531 3349 buius
561 3287 779 3365 disputationis
801 3286 952 3366 particula
982 3287 1090 3346 eadem
1110 3285 1179 3346 iere
1202 3304 1280 3365 quae
1298 3278 1408 3348 ¹ilnitao

325 3388 438 3450 unitati
456 3390 680 3464 attribuantur,
703 3390 795 3452 ieciie
816 3396 944 3470 apparet
959 3389 1113 3449 neminem
1127 3389 1407 3452 Parmeniona-sen-

325 3493 455 3555 tentiam
477 3494 570 3574 piene
591 3501 825 3573 percepturum,
848 3493 907 3554 nisi
930 3493 983 3571 qul
1002 3492 1094 3552 notus
1114 3495 1296 3570 quoquerei
1318 3512 1406 3555 aoetr·

326 3602 426 3657 ratam
455 3597 516 3659 sibl
544 3597 770 3676 comparaverit
797 3597 948 3657 uotldam.
997 3594 1040 3654 lit
1067 3595 1168 3672 primo
1199 3595 1322 3673 quidem
1352 3595 1407 3657 ad-

327 3706 435 3779 spectu
465 3693 508 3762 ui
538 3693 625 3761 ἄλλα
652 3699 755 3759 vocari
782 3700 873 3763 alicui
900 3700 1080 3770 videantur,
1108 3715 1187 3775 quae
1207 3698 1246 3757 ab
1269 3697 1337 3757 aliis
1359 3698 1406 3757 dl-

326 3819 435 3864 reraae
461 3810 535 3865 aunt
561 3803 658 3864 idere.
709 3804 769 3880 Qui
797 3822 870 3864 usum
904 3801 1050 3881 loquendi
1084 3816 1157 3860 sane
1176 3798 1272 3859 inira
1304 3799 1405 3859 iocum

327 3902 422 3965 babet
444 3925 473 3985 p.
491 3906 562 3967 lili).
581 3906 617 3968 l).
638 3911 672 3965 et
693 3925 759 3985 sqq.
783 3908 837 3967 ubi
858 3909 975 3969 aientes
999 3905 1086 3964 ideae
1110 3923 1147 3964 eo
1170 3903 1329 3981 signantur
1351 3920 1406 3962 no·

327 4009 427 4082 mine,
450 4015 618 4089 propterea
633 4009 716 4088 qnod
727 4009 899 4070 contrariae
913 4012 986 4072 erint
999 4006 1192 4085 negantibus.
1228 4004 1291 4066 Nec
1305 4014 1405 4065 tomen

328 4107 378 4170 isio
399 4126 467 4170 eam
489 4114 641 4173 rationem
662 4113 904 4192 amplectendam
923 4128 992 4172 esse
1015 4109 1217 4181 arbitremur,
1240 4115 1407 4188 propterea

329 4212 411 4291 quod
436 4207 477 4275 τὰ
501 4211 589 4277 ἄλλα
612 4218 705 4276 etiam
727 4215 871 4275 dicuntur
892 4213 1011 4273 inlinita
1033 4231 1118 4288 esse,
1140 4212 1234 4273 veluti
1247 4230 1277 4289 p.
1291 4208 1405 4270 1581).

328 4315 411 4394 qnod
441 4324 526 4378 oerte
554 4319 694 4379 irrideas
717 4323 865 4396 negantes
892 4315 1018 4377 minime
1047 4317 1158 4377 cadere
1179 4332 1237 4377 suo
1260 4312 1406 4373 locode-

327 4420 561 4481 monstrabitur.
606 4421 711 4498 Neque
734 4422 826 4480 etiam
849 4421 923 4479 alias
945 4420 1031 4480 ideas
1054 4419 1192 4480 elttsdem
1214 4416 1338 4497 generis
1359 4417 1406 4476 in-

327 4521 473 4601 telligere
495 4524 584 4597 lieet,
608 4543 700 4602 quum
724 4524 799 4584 alias
822 4524 1019 4607 phoeniceas,
1043 4539 1118 4600 quas
1134 4536 1201 4579 mox
1223 4520 1406 4580 memorabi-

327 4643 414 4700 mus,
436 4631 502 4686 tum
526 4626 597 4704 quia
615 4646 656 4697 ¹en
676 4625 797 4690 ratione
810 4625 885 4687 inita
901 4643 1053 4703 uunquam
1066 4622 1279 4703 pervenienti
1292 4630 1406 4685 certam

1186 4723 1208 4783 8
