3775 5442
658 648 742 708 iiber
764 650 884 728 primus.
927 650 1027 709 Sectio
1051 648 1085 711 ll.
1369 652 1407 716 bi

314 842 378 886 uon
403 823 548 885 solemus
570 838 693 881 servum
716 822 807 881 istum
830 820 968 881 iudicare
989 823 1056 883 eius
1079 822 1195 884 domiui
1217 842 1301 899 ease,
1323 825 1409 886 cuius

314 928 457 1009 speeiem
479 924 510 984 in
534 926 636 984 snimo
659 911 854 984 informatam
876 935 1034 999 tenemus,
1067 932 1121 986 ortt
1142 926 1300 988 dominum
1321 928 1409 990 iilum

315 1032 389 1091 talis
412 1028 515 1101 serti,
539 1031 661 1107 qttalem
683 1027 750 1088 sola
773 1032 875 1087 mente
898 1033 931 1087 et
958 1027 1144 1106 cogitatione
1167 1028 1325 1109 lingimus,
1353 1032 1409 1092 sed

314 1134 422 1194 iteum
454 1133 535 1192 servi
575 1130 615 1189 ed
654 1129 771 1191 domiui
800 1130 900 1192 ideam
931 1130 1116 1206 referimus,
1151 1133 1220 1212 quio
1247 1134 1409 1212 generales

316 1235 485 1313 utriusque
507 1234 651 1294 notiones
669 1238 774 1294 mortue
793 1232 990 1293 continentur
1005 1235 1249 1309 necessitudine,
1276 1236 1409 1315 pariter·

317 1358 381 1419 que
415 1337 591 1411 dominum,
629 1336 751 1415 qualem
780 1332 876 1394 cottiis
904 1336 1059 1411 ridemus,
1094 1338 1132 1398 ad
1158 1356 1253 1399 unum
1275 1341 1408 1423 aliquem

316 1462 445 1505 serrum
468 1436 629 1521 pertinere
649 1438 834 1510 tuotcamm,
858 1439 1003 1515 quoniam
1020 1446 1129 1501 nutura
1141 1442 1184 1501 ita
1196 1446 1408 1521 comparatum

319 1556 384 1619 est,
421 1552 458 1606 ut
484 1562 537 1603 res
563 1540 741 1603 individuae
762 1560 830 1600 cum
853 1541 949 1599 rebus
970 1541 1135 1604 indiuiduis
1155 1545 1215 1604 iste
1236 1544 1407 1608 necessitu-

320 1650 393 1711 dine
416 1648 600 1710 coniuootre
629 1642 693 1704 slot
721 1649 815 1722 etque
836 1643 1008 1721 copulatae.
1052 1645 1139 1723 Quae
1160 1642 1187 1706 si
1208 1664 1282 1706 vere
1303 1648 1409 1728 ‹lispu-

319 1760 384 1813 uu
406 1758 498 1823 sutri,
521 1754 760 1811 cousentaneum
784 1751 848 1817 est,
872 1762 911 1804 nc
932 1744 1080 1808 scientiae
1097 1747 1222 1827 quidem
1235 1744 1324 1808 aliam
1339 1768 1410 1811 esse

321 1857 484 1918 rationem.
530 1852 605 1914 Nem
629 1853 670 1911 ito
692 1849 818 1910 scientis
841 1848 984 1908 obsolute
1005 1854 1039 1908 et
1059 1848 1091 1907 iu
1118 1865 1153 1909 se
1177 1855 1317 1929 spectate
1338 1870 1411 1930 per-

321 1958 433 2023 tinebit
454 1956 493 2017 rd
517 1955 689 2016 obsolutem
705 1950 890 2034 ,conulem
926 1956 959 2011 et
985 1970 1186 2031 tortaquaeque
1217 1972 1323 2013 esrum
1345 1954 1409 2016 dis·

324 2061 525 2142 eipiiosrum,
548 2076 628 2137 quae
649 2073 705 2134 per
726 2071 760 2114 se
782 2054 943 2115 absolutae
962 2059 1048 2129 suut,
1071 2056 1246 2117 versabitur
1258 2056 1290 2118 iu
1304 2058 1408 2139 cogni-

321 2167 407 2226 tione
430 2180 536 2225 esrum
559 2176 681 2231 rorum,
704 2136 781 2235 quse
799 2158 1005 2237 sempiternae
1020 2165 1092 2220 sunt
1104 2132 1407 2238 soperbescorsum

321 2272 442 2329 extant:
478 2270 587 2325 nostre
615 2268 716 2320 etitem
744 2260 870 2320 scientie
893 2262 1047 2341 spectabit
1068 2264 1157 2324 unice
1184 2263 1225 2325 sd
1246 2265 1408 2327 veritatem

321 2388 430 2433 rerum
457 2368 546 2429 uobis
575 2362 839 2432 olrctmdetarum.
888 2346 952 2425 Ex·
966 2366 1076 2444 qulbus
1113 2366 1262 2443 eiiicitur,
1299 2379 1335 2431 ut
1361 2388 1413 2447 es,-

323 2492 415 2556 qoem
445 2490 501 2533 nos
530 2469 698 2540 iubemus,
733 2484 837 2525 rerum
871 2467 1000 2527 scientia
1026 2474 1059 2528 et
1088 2469 1224 2548 cognitio
1254 2488 1408 2554 nunqusm

324 2586 466 2638 retem
493 2573 563 2634 illos
591 2570 727 2649 species,
761 2570 875 2649 quippe
906 2589 962 2649 per
993 2591 1029 2633 se
1056 2580 1194 2636 extantes
1223 2580 1256 2636 et
1277 2595 1295 2636 ι
1316 2578 1408 2665 nobip

326 2698 455 2762 prorsus
470 2677 640 2747 seiunctos,
663 2671 818 2753 ettingere
829 2692 923 2752 posse
941 2676 1144 2737 existimanda
1164 2676 1213 2739 ait.
1259 2680 1408 2758 Quocirca

326 2804 382 2846 nee
415 2778 535 2862 pulcri,
573 2776 663 2850 boni,
700 2774 840 2850 irouesti,
882 2776 972 2836 ideae
996 2778 1131 2855 intelligi
1157 2800 1176 2841 a
1203 2780 1293 2842 nobis
1316 2789 1409 2862 atque

325 2884 479 2966 cognosci
506 2885 663 2960 poterunt,
694 2897 752 2939 nec
783 2880 907 2939 omnino
937 2880 1000 2939 ulle
1031 2898 1156 2953 eorum,
1189 2899 1268 2958 qttae
1295 2902 1354 2962 per
1375 2904 1410 2945 se

329 3008 404 3050 esse
426 2984 583 3058 dicuntur,
611 2981 815 3061 intelligentia
842 2982 873 3042 in
897 2990 1032 3042 mentem
1054 2982 1218 3044 htunauam
1240 2987 1410 3047 conveniet.

416 3086 679 3167 Quemadmodum
701 3102 775 3146 vero
797 3084 855 3145 hee
876 3084 998 3146 ratione
1019 3086 1170 3148 humanae
1192 3089 1289 3148 menti
1311 3089 1411 3151 omnis

329 3182 711 3255 abiudicaturflbsolutse
743 3188 881 3250 ueritatis
911 3190 1065 3268 cognitio;
1099 3192 1143 3252 ite
1173 3191 1267 3253 etism
1294 3194 1410 3254 numiui

328 3301 429 3360 divino
453 3297 585 3378 eripitur
606 3310 709 3352 rerum
731 3293 927 3354 terrestrium
951 3292 1079 3354 scientie
1101 3302 1194 3375 etque
1216 3295 1409 3375 gubernatio.

329 3402 450 3465 Etenim
472 3402 500 3461 si
522 3417 582 3480 que
604 3401 654 3456 est
674 3395 820 3457 scientiae
842 3395 962 3475 speeies
983 3395 1124 3475 perfecta
1146 3403 1239 3475 etque
1260 3400 1411 3477 absoluto,

329 3507 403 3567 itree
432 3510 520 3564 certe
548 3499 664 3563 nemini
697 3498 814 3559 rectius
846 3498 1005 3558 tribuetur
1032 3517 1122 3577 quarn
1152 3499 1256 3561 divino
1284 3504 1409 3565 numini.
1515 3532 1518 3539 ·

330 3611 387 3671 lam
412 3608 439 3669 si
462 3622 568 3665 verum
592 3609 656 3676 est,
679 3601 762 3680 quod
785 3601 878 3662 motio
894 3600 1134 3681 disputavimus,
1156 3603 1269 3664 nullom
1281 3623 1411 3684 prorsus

331 3716 408 3773 iuter
430 3728 483 3769 res
512 3707 661 3767 ltumenas
689 3712 782 3783 atque
808 3703 925 3764 diuinos
947 3722 1051 3764 rerum
1074 3706 1193 3783 species
1215 3706 1412 3773 intercedere

331 3810 588 3876 uecessitudinem
610 3816 643 3868 et
665 3808 928 3881 coniunctionem,
951 3806 982 3866 ln
1004 3806 1108 3885 aprico
1126 3814 1194 3883 est,
1217 3828 1257 3869 ne
1279 3809 1412 3874 divinum

332 3919 453 3997 quidem
476 3930 590 3974 numen
612 3929 664 3971 rea
686 3911 835 3971 bumana·
849 3909 972 3971 ootisse
993 3916 1045 3970 ant
1062 3928 1168 3971 carrum
1180 3929 1284 3973 euram
1302 3932 1414 3995 gerere

334 4024 390 4082 uilo
414 4017 510 4080 modo
532 4031 627 4096 posse
649 4012 692 4091 *).

412 4119 605 4183 Gravissima
640 4116 698 4176 hac
733 4113 1000 4195 ergttmeutetlone
1039 4114 1180 4175 obsolute
1215 4114 1414 4177 Parmenides

334 4226 433 4305 petreis
458 4222 561 4284 rerbia
584 4219 753 4299 significat,
788 4234 928 4296 meguam
958 4235 1031 4277 sene
1060 4236 1129 4278 esse
1151 4220 1212 4279 vim
1234 4228 1327 4297 alque
1348 4237 1414 4278 mo-

333 4339 469 4391 mentum
490 4325 601 4385 irarum
624 4322 816 4398 eliarnmque
837 4319 1082 4393 dubitationum
1111 4341 1185 4401 qum
1210 4323 1238 4382 si
1261 4320 1329 4398 sputis
1351 4320 1415 4383 dis·

331 4435 453 4494 solrere
476 4438 571 4507 etque
593 4442 697 4486 rerum
724 4423 844 4503 speeies
866 4422 1023 4485 absolutas
1044 4442 1152 4484 resera
1174 4428 1281 4482 estere
1303 4422 1417 4485 dooere

429 4573 543 4585 --——

396 4640 797 4713 numu-me

1165 4727 1213 4786 ,μ

1467 4633 1557 4788 t
