3775 5442
466 638 531 702 ΝΘ
800 637 888 699 niter
909 639 1022 699 tertius.
1064 637 1164 699 Seruio
1180 639 1222 699 li.

324 893 332 900 .
465 811 508 875 ets
534 809 643 874 oculor
668 807 814 874 hebuerit
839 810 978 893 Sophist.
1006 810 1180 891 palen.
1210 831 1272 891 quo
1294 810 1370 876 'locs
1390 810 1549 894 hospitem
1577 806 1579 810 ’

466 934 557 979 suum
585 914 915 981 nemausensis
942 933 1013 980 eree
1041 914 1075 981 in
1101 933 1210 980 eurum
1238 933 1367 977 numero
1395 932 1466 978 eese
1491 916 1548 978 hs·
1583 915 1586 921 ’

465 1017 612 1093 bendum,
635 1017 689 1097 qut
711 1036 773 1080 uus
793 1017 872 1080 elios
892 1017 1098 1099 redarguendi
1118 1018 1288 1098 cupiditate
1309 1018 1469 1093 feramur,
1492 1019 1548 1080 sed

464 1138 538 1185 este
571 1112 790 1201 μετριώτερον
829 1122 896 1183 τῶν
929 1123 1004 1204 περὶ
1039 1115 1101 1195 τὰς
1135 1119 1247 1204 ἔριδας
1286 1114 1550 1184 ἐσπουδακότων.

465 1222 596 1289 nerlu
615 1222 677 1287 siis
698 1221 883 1296 similitudo,
905 1242 995 1303 quam
1017 1224 1100 1287 luter
1118 1225 1276 1287 Zenonem
1298 1229 1390 1302 atque
1411 1223 1549 1304 Megeti-

463 1345 521 1390 eos
541 1326 757 1394 intercessisse
777 1325 845 1405 ipsa
867 1345 975 1388 eornm
996 1328 1158 1408 discipline
1179 1327 1290 1406 arguit
1343 1327 1445 1405 Quum
1465 1326 1550 1389 enirn

318 1423 334 1453 ‘
465 1430 553 1495 uena
574 1428 652 1491 nihii
674 1427 758 1490 aliud
780 1435 888 1509 ageret
909 1430 970 1493 nisi
992 1436 1027 1493 nt
1049 1431 1151 1493 Unum
1172 1430 1247 1492 iilud
1267 1429 1458 1494 Parmenidi·
1480 1436 1549 1491 tue-

463 1538 569 1608 retur,
600 1540 699 1594 erlem
728 1532 918 1596 dialecticem
947 1534 985 1598 iis
1014 1534 1127 1597 fluibus
1155 1532 1414 1611 circumscripsit,
1445 1538 1481 1594 ut
1501 1532 1549 1595 sis

464 1634 642 1716 spsqogics,
664 1653 756 1714 quem
776 1642 897 1711 vocent,
919 1637 1025 1713 muita,
1048 1655 1126 1717 quse
1148 1637 1268 1716 physici
1299 1655 1369 1697 esse
1391 1636 1547 1709 dicebsnt,

465 1737 652 1819 disputsndo
674 1738 860 1801 tolleretur
881 1746 1064 1802 removeret.
1108 1739 1204 1801 certe
1226 1740 1351 1819 quidem
1373 1739 1455 1818 spud
1477 1739 1548 1801 Ple-

463 1848 571 1908 torem
592 1840 674 1902 eutis
697 1840 845 1903 uuitstem
867 1842 911 1903 ita
932 1841 1084 1917 deiendit,
1108 1848 1287 1905 utererum
1309 1842 1452 1905 sensibus
1474 1841 1548 1904 snb-

461 1944 615 2011 lecturum
637 1944 853 2006 ohservatione
875 1943 1013 2022 colliget,
1034 1960 1098 2007 nou
1119 1965 1213 2026 posse
1234 1946 1331 2007 mults
1348 1964 1428 2008 esse.
1450 1943 1548 2007 Nimi-

461 2064 534 2135 rsm
556 2047 657 2125 ipeum
678 2045 757 2107 illud
778 2065 834 2109 ens
855 2046 916 2110 tuit
938 2045 1099 2122 eiusmodi,
1123 2048 1217 2126 quod,
1240 2067 1333 2126 quum
1356 2046 1440 2111 omni
1461 2063 1547 2121 cere-

465 2154 516 2210 ret
537 2147 705 2209 formarum
727 2149 885 2224 verietate,
909 2150 1091 2213 disiectloee
1111 2151 1188 2212 artie
1210 2149 1453 2228 explorationem
1477 2147 1548 2213 iero

424 2236 427 2241 ¹
462 2250 580 2313 nullum
602 2249 796 2312 admitteret:
818 2252 991 2316 undecies
1013 2254 1188 2315 diruerendl
1209 2253 1289 2315 ratio
1312 2253 1343 2314 iu
1366 2265 1475 2315 rerum
1491 2251 1547 2313 sd-

462 2355 678 2436 spectabilium
701 2353 921 2418 diludiortioue
942 2357 1091 2425 substitit.
1132 2362 1179 2420 Ao
1199 2356 1259 2419 nisi
1278 2374 1467 2434 magnopere
1488 2355 1548 2418 ur-

460 2459 574 2534 ·llmnr,
601 2457 745 2521 similiter
770 2466 857 2521 certe
883 2459 1034 2541 Megsricl
1065 2460 1098 2523 ln
1124 2460 1303 2540 erpllcsnde
1335 2478 1391 2520 sua
1424 2459 1548 2522 rstlone

464 2563 582 2624 veresri
609 2562 800 2626 debuerunt:
833 2562 886 2643 qni
912 2583 1007 2643 quom
1033 2563 1109 2627 item
1138 2564 1240 2627 Unum
1268 2581 1446 2642 supremum
1476 2582 1548 2644 esee

464 2665 686 2740 defenderent,
716 2666 861 2729 ridentur
887 2666 922 2729 id
950 2667 1082 2729 muime
1102 2667 1215 2746 egisse,
1246 2675 1280 2729 ut
1300 2665 1344 2739 st,
1362 2684 1400 2728 eo
1424 2684 1547 2728 omnem

464 2772 689 2851 proprietstum
711 2772 890 2832 varietatem
912 2778 947 2833 et
967 2769 1196 2835 multitudinem
1219 2779 1424 2842 removerent,
1448 2769 1547 2847 qualis

464 2875 591 2937 cederet
612 2875 644 2936 in
667 2892 717 2937 rer
738 2875 796 2937 sub
818 2875 978 2939 oculorum
1002 2881 1201 2953 conspectum
1223 2874 1387 2935 subiectas.
1426 2867 1547 2951 Quodsi

464 2988 568 3040 autem
589 2979 733 3039 immotos
754 2979 834 3052 illae,
858 2997 934 3056 quse
956 2980 1144 3074 statuebant,
1165 2977 1252 3037 ideas
1275 2975 1483 3055 attingebant,
1507 2995 1547 3037 ne

463 3082 515 3142 iric
537 3081 661 3160 quidem
683 3080 771 3143 locus
792 3069 884 3143 eliam
896 3080 1067 3160 praebebat
1085 3078 1258 3141 disserendi
1270 3078 1545 3157 opportunitatem,

464 3202 554 3263 qnam
584 3189 619 3241 nt
647 3183 880 3257 ostenderetur,
914 3199 993 3260 quse
1014 3181 1056 3242 de
1082 3182 1179 3244 rebus
1207 3183 1478 3262 praedicerentur,
1509 3201 1546 3243 ee

463 3303 526 3347 nou
556 3303 650 3362 posse
684 3284 724 3347 ad
758 3281 873 3356 οὐσίας
911 3282 1092 3359 transferri,
1132 3304 1226 3363 quum
1261 3305 1460 3366 uosquseque
1493 3306 1546 3351 ree

464 3405 521 3467 per
542 3407 578 3450 ae
604 3388 633 3448 vi
663 3394 696 3451 et
723 3394 833 3452 natura
857 3406 913 3449 sua
948 3385 1147 3464 comisterct,
1182 3409 1240 3451 nec
1273 3389 1372 3452 ferret
1398 3392 1546 3470 multipli-

463 3491 544 3554 cium
572 3492 797 3572 proprietstum
825 3491 1041 3565 accessionem.
1097 3492 1259 3572 Negabant
1285 3494 1366 3555 enim
1392 3495 1439 3557 illi
1461 3515 1546 3558 com·

462 3596 566 3657 munis
593 3616 664 3658 esse
691 3615 796 3658 rerum
817 3615 948 3675 genere,
976 3572 1110 3672 ideoque
1131 3598 1276 3660 volebant
1297 3598 1328 3658 in
1351 3597 1546 3662 demonstra·

461 3699 601 3761 tionibus
622 3716 690 3764 eam
713 3717 795 3773 rem,
819 3718 898 3776 quse
924 3707 996 3760 aute
1020 3701 1127 3760 oculos
1156 3708 1240 3762 esset
1271 3702 1392 3779 positu,
1415 3702 1546 3763 musione

460 3794 598 3884 spectari
618 3796 898 3882 etqueerplorari.
948 3804 993 3865 lie
1016 3823 1076 3881 qua
1097 3821 1132 3863 re
1154 3821 1248 3883 cupre
1270 3805 1424 3884 copiosius
1447 3806 1546 3884 expli-

463 3916 565 3969 ortum
586 3912 643 3970 est.
690 3904 807 3984 Quum
830 3904 926 3983 igitur
947 3926 1055 3967 eorum
1077 3906 1236 3970 dialectica
1262 3911 1390 3971 maxime
1413 3927 1451 3972 eo
1472 3928 1546 3988 per-

459 4009 595 4084 iberet,
630 4014 667 4073 ut
692 4007 746 4075 nni
774 4007 937 4086 eidemque
974 4009 1021 4070 rei
1048 4028 1109 4073 uon
1136 4030 1230 4090 porse
1258 4013 1417 4092 complura
1452 4013 1546 4074 simul

459 4111 591 4177 erubui
612 4113 795 4185 doceretur,
817 4130 854 4171 ex
877 4131 938 4189 quo
960 4113 1108 4191 consequi
1129 4114 1284 4186 volebant,
1313 4134 1416 4179 veram
1439 4135 1546 4178 essen·

463 4216 538 4278 tium
567 4236 628 4277 uon
657 4215 690 4277 iu
716 4216 810 4277 rebus
836 4216 895 4276 sub
922 4235 1032 4277 seusus
1060 4215 1241 4278 cadentibus
1268 4218 1386 4291 inesses
1422 4220 1545 4282 Platoni

461 4319 540 4381 illud
563 4321 695 4382 maxime
715 4318 952 4398 improbandum
975 4320 1072 4380 visum
1094 4327 1152 4395 est,
1176 4322 1229 4400 qui
1250 4331 1372 4384 mature
1393 4322 1453 4383 eibi
1472 4342 1545 4401 per·

461 4430 620 4496 arment,
654 4420 828 4485 disserendi
855 4422 1007 4485 tutionem
1036 4424 1128 4487 nitius
1158 4425 1305 4503 quiddam
1325 4433 1469 4505 speetsre
1489 4425 1545 4488 de-

464 4523 559 4598 bere,
587 4543 676 4602 quem
707 4532 741 4585 ut
769 4524 801 4583 iu
829 4524 977 4585 rimandis
1008 4527 1100 4588 variis
1129 4536 1161 4588 et
1188 4529 1409 4608 multiplicibus
1438 4548 1543 4590 rerum

463 4626 717 4706 adspectubssium
739 4627 981 4709 proprietalibus
1002 4628 1159 4701 naereses,
1179 4631 1288 4713 ltsque
1308 4634 1365 4696 ilie
1381 4634 1543 4698 socratem
1580 4680 1584 4686 .
