3775 5442
464 642 527 704 Μ
799 638 881 698 hiber
903 641 1014 699 tertius.
1058 637 1157 697 Sestio
1179 636 1215 701 tt.

492 850 496 865 ι
595 811 752 911 Antiphon
774 812 796 873 l.
1153 810 1267 872 Critias
1289 810 1312 870 l.

449 966 632 1036 iprilampus
647 970 685 1037 ᾧ
702 963 794 1039 Nlh'3
811 966 915 1016 Ariston
941 964 986 1015 nn
1006 1000 1043 1028 v
1063 960 1164 1013 Glauco
1263 958 1448 1011 liallaesehras

520 1053 526 1116 l
668 1077 955 1111 W
1046 1075 1355 1107 W*
1425 1045 1452 1128 Ι

467 1136 646 1205 Antiphonti.
677 1134 779 1187 Glauce
807 1138 964 1187 Adimantus
1032 1132 1177 1182 Perictione
1211 1130 1365 1184 Charmides
1385 1114 1483 1165 cm*
1498 1115 1531 1167 ¹¹·

910 1293 1000 1355 Plato
1044 1294 1160 1354 (ilaueo
1204 1296 1386 1355 Adimantus

469 1421 735 1500 Quemadmodum
768 1421 865 1500 igitur
900 1417 987 1479 Plato
1024 1421 1097 1480 alihl
1130 1420 1325 1480 Charmidem
1367 1424 1549 1484 avunculum

346 1580 348 1584 ,
470 1525 665 1586 sermonibus
686 1523 750 1584 suls
771 1522 966 1593 nobilitavit,
998 1526 1040 1582 ita
1068 1524 1159 1583 etiam
1183 1523 1372 1584 Glauconem
1394 1527 1479 1585 illum
1504 1535 1551 1586 at-

470 1648 531 1708 que
542 1629 752 1699 Adimantum,
775 1642 904 1703 quorttm
928 1624 1028 1685 freter
1050 1619 1251 1704 ὁαυμήτριος
1272 1625 1430 1706 Antiphon
1452 1630 1551 1693 luisse

470 1711 671 1812 perhibetur,
699 1729 731 1788 in
759 1728 848 1788 tiaris
877 1729 917 1787 de
946 1728 1119 1807 Republica
1146 1739 1238 1807 atque
1260 1730 1442 1792 Parmenida
1469 1733 1550 1792 eele-

470 1836 563 1896 hrera
589 1834 725 1895 voluisse
753 1831 974 1890 existimandus
1001 1836 1059 1888 est
1109 1832 1199 1907 Quod
1222 1834 1248 1893 si
1270 1834 1434 1907 struimus,
1458 1834 1550 1896 aienti

471 1938 614 2019 prolecto
636 1933 809 1996 iaciendum
833 1933 967 2004 videtur,
990 1934 1090 1994 omnis
1113 1936 1236 1996 omnino
1259 1938 1400 1998 molestia
1418 1939 1550 2011 tollitur,

472 2056 560 2119 otram
589 2046 764 2116 temporum
790 2037 926 2095 rationes
953 2034 1174 2112 interpretibus
1203 2049 1394 2105 creaverunt.
1447 2042 1552 2102 Facile

472 2143 553 2203 enim
575 2141 635 2201 iam
657 2138 857 2216 intelligitur,
885 2139 938 2216 qni
964 2137 1034 2197 lieri
1064 2140 1215 2217 potuerit.
1246 2151 1282 2202 ut
1302 2144 1459 2223 Antiphon
1480 2160 1551 2203 eum

471 2244 669 2323 Pythodoro,
697 2241 832 2302 Zenonis
854 2240 983 2300 litestaa
1003 2241 1118 2315 amieo,
1153 2240 1347 2306 familiariter
1367 2248 1553 2306 versaretur.

470 2349 574 2427 Atque
600 2347 678 2407 hasa
705 2343 828 2424 quidem
863 2347 903 2403 de
932 2342 1113 2418 Adimanto,
1149 2347 1306 2409 Glaucone
1343 2357 1435 2426 atque
1464 2347 1553 2409 Anti-

471 2451 609 2531 phonte;
652 2467 730 2527 quiae
757 2451 783 2509 si
811 2449 880 2528 quis
911 2467 967 2525 pro
995 2447 1096 2507 dubiis
1119 2456 1151 2508 et
1173 2451 1298 2511 incertis
1327 2450 1487 2521 habuerit,
1520 2450 1551 2508 el

473 2560 559 2614 aerae
581 2558 689 2612 auctor
720 2551 795 2623 alm,
823 2557 858 2610 ut
885 2570 924 2610 ue
950 2549 1111 2610 Platonem
1138 2552 1224 2631 prius
1253 2555 1382 2616 inertiae
1417 2562 1550 2623 occurret,

473 2674 561 2736 quam
584 2654 659 2734 quid
681 2654 721 2715 (le
741 2659 808 2715 tota
830 2673 936 2716 sarissa
958 2654 1227 2729 diiudicandum,
1251 2668 1336 2717 certo
1360 2657 1552 2736 exploratum

473 2758 596 2821 haheat.

556 2860 717 2941 Pergimus
742 2860 781 2920 ad
804 2858 1015 2940 Pythodorum
1037 2867 1131 2941 atque
1152 2861 1361 2923 Aristotelem.
1401 2862 1443 2922 Et
1463 2860 1552 2920 illum

474 2965 598 3045 quidem
634 2982 702 3025 euna
735 2962 920 3024 Parmenide
953 2971 985 3025 et
1017 2966 1144 3025 Zenone
1177 2964 1396 3044 hospitalitatis
1429 2966 1552 3026 ainardo

474 3070 572 3131 luisse
607 3068 818 3138 coniunctum,
851 3064 933 3127 hune
960 3073 1061 3126 autem
1090 3073 1198 3146 postea
1229 3086 1322 3128 ararim
1356 3069 1395 3127 de
1425 3066 1553 3145 triginta

474 3171 610 3251 tyrannis
632 3169 786 3241 extitisse,
815 3187 853 3228 ex
874 3168 935 3229 hoe
956 3168 1024 3246 ipso
1047 3188 1190 3231 sermone
1211 3171 1363 3232 discimus.
1414 3172 1461 3231 Ad
1484 3171 1553 3231 Ari-

475 3272 622 3334 stotelem
655 3288 735 3330 nuno
755 3272 859 3330 neseio
882 3290 918 3329 an
942 3272 1108 3331 reseranda
1130 3273 1192 3333 sint
1214 3292 1292 3352 ortae
1314 3278 1417 3333 narrat
1440 3274 1552 3352 llloge-

474 3392 531 3436 nes
552 3372 654 3437 hert.
671 3370 709 3438 V.
725 3374 777 3436 54.
799 3376 881 3436 inter
903 3393 967 3448 eos,
991 3374 1044 3451 qni
1064 3375 1244 3438 Aristotelis
1266 3396 1377 3438 nomen
1394 3377 1554 3456 gesserint

474 3484 649 3538 memorans
672 3468 731 3539 τὸν
753 3470 1031 3557 πολιτευσάμενον
1051 3472 1225 3568 Ἀθήνῃσι,
1248 3468 1287 3541 οὗ
1309 3480 1364 3542 καὶ
1388 3478 1553 3541 δικανικοι

476 3564 634 3666 pr'poaroa
657 3572 752 3658 λόγοι
771 3584 950 3662 χαρίεντες.
1014 3581 1101 3656 Quae
1124 3584 1154 3643 sl
1176 3583 1214 3642 ad
1237 3583 1336 3650 horno.
1360 3583 1400 3642 de
1420 3602 1482 3660 qrro
1505 3582 1573 3642 lo-·

475 3680 614 3761 unimur,
641 3682 812 3761 pertineat,
841 3682 964 3742 videtur
985 3681 1078 3742 homo
1102 3685 1193 3743 laude
1215 3686 1330 3765 ingenii
1352 3693 1384 3746 et
1405 3684 1554 3746 aeruminis

474 3782 635 3858 floruisse,
662 3794 699 3847 ut
719 3801 838 3845 summo
860 3783 1037 3845 Parmenidi
1060 3786 1139 3848 haud
1163 3809 1237 3851 sane
1259 3793 1364 3870 inepte
1385 3806 1554 3868 responsor

474 3886 598 3979 taldthra
621 3888 672 3949 alt.
699 3886 845 3948 ceterum
867 3888 1067 3949 Aristotelem
1091 3891 1195 3966 istrum,
1219 3893 1271 3970 qui
1293 3893 1353 3954 luit
1374 3893 1405 3951 in
1428 3892 1555 3970 triginta

474 3976 611 4053 atrorum
642 4007 787 4064 numero,
818 3999 969 4052 memorat
1001 3992 1094 4052 etism
1124 3995 1307 4076 Xenophon.
1344 3996 1461 4055 illator.
1496 3995 1554 4055 (ir.

473 4091 558 4179 Liar.
591 4094 627 4156 ll.
650 4093 681 4169 2,
703 4090 756 4153 le.
799 4092 834 4155 ll.
863 4094 893 4166 8,
919 4094 949 4153 2.
992 4094 1026 4155 ll.
1050 4112 1075 4154 e.
1099 4094 1129 4170 8,
1152 4097 1203 4161 tu.
1258 4099 1317 4159 lam
1340 4116 1415 4158 aero
1436 4096 1554 4176 Pytho-

474 4196 580 4268 doruu
602 4196 655 4275 qul
675 4196 758 4257 idem
781 4214 852 4257 ease
872 4198 1004 4270 ridetur,
1026 4198 1068 4258 de
1091 4219 1151 4278 quo
1166 4202 1306 4280 Xenoph.
1324 4200 1407 4261 Hell.
1425 4200 1461 4261 ll.
1475 4203 1507 4273 ὃ,
1525 4201 1555 4262 1.

473 4296 580 4379 Lysias
601 4296 647 4360 ut
669 4317 756 4361 saera
777 4299 847 4358 olea
869 4298 898 4360 il.
912 4320 951 4391 p.
969 4302 1041 4365 ata.
1057 4304 1105 4365 ed.
1130 4304 1221 4373 dett.
1244 4313 1278 4366 et
1299 4304 1427 4385 Diogen.
1452 4302 1554 4367 taen.

473 4402 525 4465 lX.
545 4403 596 4463 54.
618 4420 674 4462 aur
694 4404 851 4462 Zenonem
874 4403 1002 4482 eiusque
1023 4407 1204 4486 magistrum
1226 4409 1383 4489 exceperit
1406 4409 1554 4489 hospitio,

473 4502 618 4565 discimus
646 4524 683 4564 ex
711 4502 859 4566 atuotad.
881 4504 903 4566 l.
931 4527 961 4587 p.
986 4506 1058 4572 llil.
1073 4510 1109 4571 A.
1139 4530 1200 4590 quo
1228 4514 1298 4575 laco
1328 4532 1398 4574 eum
1422 4512 1553 4594 legimus

441 4640 447 4659 .
473 4605 572 4667 tuisse
599 4606 770 4668 lacholoehi
798 4605 893 4667 filium
924 4619 1015 4689 atque
1043 4613 1179 4675 Zenonis
1207 4615 1336 4677 Eleatae
1357 4614 1555 4677 institutione
