3775 5442
468 633 531 695 aas
887 627 972 687 liber
994 636 1123 702 qrrartus.

469 823 525 867 ore
541 801 722 880 accepisset.
744 801 831 878 (larue
853 805 955 858 alitem
979 798 1069 858 l‘lato
1091 796 1158 875 lpse
1181 795 1212 856 ln
1234 796 1341 874 priora
1363 795 1556 862 Parmenilis

468 912 558 988 parte
580 912 688 965 corrtra
710 903 881 964 doctrinam
905 903 946 962 tle
968 902 1047 962 ideis
1071 900 1213 979 protulit,
1237 920 1273 960 ea
1297 919 1407 962 screor
1429 922 1469 963 ue
1484 903 1555 964 Sta·

468 1011 577 1090 glritcs
607 1005 748 1085 cupidius
777 1007 815 1066 ab
843 1005 987 1066 Eristicla
1017 1010 1143 1082 accepta
1173 1012 1204 1063 et
1242 1004 1412 1081 paullulum
1439 1013 1556 1064 ιιιιιιιιιιι

467 1112 570 1173 stenaro
601 1107 802 1188 proposuerit
828 1115 862 1169 et
889 1108 929 1166 ad
959 1107 1197 1184 impugnandam
1235 1107 1375 1187 magistri
1403 1106 1555 1166 rationem

467 1213 650 1275 traduxerit.
714 1209 803 1270 Licet
838 1210 919 1270 enim
954 1210 1007 1270 ubl
1040 1209 1179 1270 Platonis
1213 1210 1339 1269 decreta
1372 1207 1557 1285 simpliciter

467 1321 605 1387 enarrat,
636 1314 721 1373 ιιιιΙΙο
745 1310 852 1373 addito
874 1314 939 1372 veri
962 1319 1015 1371 aaut
1037 1312 1109 1373 ialsi
1140 1312 1274 1386 iudicio,
1310 1312 1375 1371 fiale
1396 1311 1556 1388 lraudqua-

465 1439 555 1499 cluam
578 1417 724 1496 indignus
749 1414 899 1488 rideatur,
922 1420 1026 1474 tamen
1048 1415 1087 1474 iis
1109 1415 1142 1474 ln
1163 1415 1251 1489 locis,
1274 1414 1306 1474 in
1328 1415 1441 1492 quibus
1463 1410 1556 1474 simul

465 1523 604 1585 censoris
625 1525 731 1598 partes
753 1516 827 1598 agit,
857 1536 919 1579 uou
941 1536 979 1576 ca
1000 1516 1154 1596 religione
1175 1522 1315 1576 versatus
1338 1522 1402 1589 est,
1431 1522 1468 1575 ut
1495 1514 1556 1576 sibl

464 1627 514 1686 ael
536 1627 574 1686 ab
597 1621 751 1703 opinionis
773 1638 884 1681 errore
905 1621 954 1680 ael
976 1639 993 1679 a
1015 1617 1268 1698 reprehensionis
1290 1617 1460 1696 cupiditate
1479 1618 1555 1677 satis

422 1715 424 1718 ’
464 1728 590 1790 caverit.
638 1724 686 1785 lle
714 1742 774 1802 qaus
802 1742 838 1782 rc
861 1722 981 1801 optimc
1001 1730 1215 1802 exposuerunt
1244 1719 1379 1781 Baitios
1400 1720 1431 1779 iu
1455 1720 1554 1781 libro:

464 1827 628 1891 Lebabacb
649 1824 706 1885 tier
729 1823 917 1884 Geacbicbtc
939 1821 997 1884 dar
1011 1822 1217 1904 Philosophia.
1242 1822 1382 1902 thtiug.
1407 1822 1502 1883 11118.
1522 1824 1554 1886 8.

463 1931 501 1993 'lt
523 1931 558 1991 11.
581 1929 608 2011 §.
631 1927 705 1988 258.
734 1944 766 2006 p.
789 1925 964 1989 too-tl.
988 1934 1021 1986 et
1043 1926 1070 2009 §.
1097 1927 1169 1988 283.
1200 1931 1294 2005 atque
1322 1923 1555 1986 Tiedemouuos

462 2033 496 2094 in
510 2050 622 2110 opere:
647 2027 737 2089 Geist
752 2025 807 2088 der
820 2029 1032 2108 speculativam
1048 2027 1246 2109 Philosopbie
1267 2027 1304 2088 Τ.
1319 2027 1354 2090 11.
1377 2028 1554 2107 ιι.21111ιιιιι.

464 2134 585 2213 Quibus
614 2149 693 2210 qrrae
719 2148 819 2208 nuper
850 2133 998 2210 opposuit
1026 2129 1254 2193 Mauritius
1289 2128 1479 2191 Corsicae
1506 2128 1556 2192 De

466 2235 642 2295 Aristotele
675 2229 820 2291 Platonis
857 2235 960 2293 calaico
1000 2232 1200 2316 eiusdemque
1240 2231 1405 2294 doctrinae
1436 2235 1556 2313 partim

465 2341 550 2400 insto
579 2353 721 2409 censore,
751 2333 920 2415 Gottingae
943 2337 1037 2397 1837.
1064 2339 1095 2399 8.
1123 2337 1162 2398 lis
1192 2336 1329 2397 fatemur
1350 2354 1407 2395 uos
1429 2335 1556 2397 minime

338 2513 343 2524 ι
465 2439 673 2513 commoveri,
709 2437 861 2516 siquidem
896 2440 1099 2502 Aristotelem
1128 2441 1269 2502 Platonis
1305 2440 1456 2501 rationem
1492 2459 1556 2502 nou

465 2560 590 2622 semper
622 2541 699 2603 satis
734 2549 877 2602 accurate
905 2543 945 2603 ad
981 2544 1118 2606 ueritatis
1151 2562 1289 2605 normam
1325 2543 1466 2623 exegisse
1498 2563 1556 2606 nec

464 2646 520 2706 illc
540 2662 657 2723 negare
678 2663 772 2707 ausus
794 2653 853 2707 est.
893 2646 1001 2723 ltaque
1022 2665 1080 2708 nos
1103 2646 1226 2725 paridem
1249 2645 1375 2705 minime
1396 2647 1554 2720 miramur,

464 2748 548 2827 quod
570 2766 649 2825 quae
661 2745 750 2808 Plato
773 2747 842 2826 ipse
864 2747 1026 2809 doctrinae
1048 2768 1123 2811 suae
1145 2750 1262 2828 opponi
1284 2749 1553 2824 animaduerterat,

465 2851 574 2912 cadem
587 2850 624 2910 ab
640 2850 813 2911 Aristotele
835 2851 947 2929 partim
970 2857 1003 2912 et
1024 2857 1236 2913 memorantur
1250 2856 1282 2911 et
1303 2851 1553 2930 comprobentur.

465 2954 633 3033 Amplexus
658 2959 707 3014 est
728 2953 810 3012 euim
831 2952 883 3014 bic
905 2973 952 3028 er,
976 2972 1055 3034 quac
1083 2974 1101 3015 c
1123 2972 1159 3015 re
1180 2973 1235 3015 sua
1257 2973 1327 3016 esse
1354 2955 1554 3017 existimaret.

466 3057 557 3135 Quod
589 3074 664 3114 sero
693 3056 858 3134 Stagirites
888 3056 1066 3118 Platonicae
1095 3057 1134 3118 alc
1161 3057 1241 3119 ideis
1278 3059 1451 3118 seutentiac
1477 3057 1555 3120 locis

466 3156 695 3234 compluribus,
725 3156 820 3216 veluti
851 3157 1030 3236 Metaplrys.
1059 3159 1081 3220 1.
1104 3159 1135 3220 7.
1159 3161 1189 3221 11.
1234 3157 1297 3221 vll.
1321 3160 1349 3221 8.
1374 3167 1406 3220 et
1429 3161 1479 3220 lt.
1503 3159 1554 3222 11.

465 3258 546 3335 'l‘op.
573 3255 625 3316 Vl.
653 3256 683 3316 5.
735 3257 782 3316 lle
808 3266 947 3337 generat.
974 3267 1008 3319 et
1035 3270 1171 3339 corrupt.
1202 3261 1238 3322 ll.
1267 3263 1308 3335 8.,
1347 3261 1409 3323 lroc
1436 3261 1553 3338 obiicit,

466 3358 550 3438 qnod
572 3357 663 3419 ideae
683 3358 766 3434 illae,
789 3379 881 3439 qutun
906 3380 963 3441 pro
987 3381 1092 3423 rerum
1115 3364 1232 3425 caussis
1247 3364 1428 3439 habeantur,
1451 3372 1555 3426 tamen

466 3463 538 3541 quia
567 3461 597 3522 vi
624 3469 657 3524 et
683 3468 793 3523 aratura
822 3482 877 3525 sua
905 3470 1048 3527 constent
1077 3471 1170 3544 atque
1196 3467 1404 3546 sempiternae
1431 3468 1495 3529 sint
1522 3475 1556 3529 ct

468 3566 690 3638 immutabiles,
721 3567 805 3626 omui
832 3577 959 3629 careant
985 3569 1158 3629 mutatione
1185 3568 1321 3648 ideoque
1348 3571 1494 3630 movendi
1522 3578 1556 3632 et

467 3668 624 3730 alliciendi
651 3667 681 3728 ι·1
709 3669 773 3729 sint
800 3669 986 3743 destitutae3
1022 3671 1113 3732 ulmis
1135 3676 1264 3731 strenue
1286 3671 1408 3734 ridetur
1429 3693 1554 3752 urgere,

467 3773 552 3853 quod
573 3773 664 3832 Plato
692 3770 762 3832 illas
789 3774 887 3833 soluit
912 3794 972 3854 per
992 3793 1027 3836 se
1050 3775 1208 3835 absolutas
1231 3793 1301 3836 esse
1323 3781 1416 3853 alque
1438 3776 1553 3856 sempl-

465 3883 581 3949 tcrnss,
604 3892 662 3935 nec
684 3892 756 3933 sero
779 3874 934 3936 intellexit
955 3877 1111 3955 quomodo
1133 3877 1166 3936 ln
1188 3876 1231 3952 id,
1255 3878 1337 3956 quod
1353 3897 1410 3957 pcr
1423 3898 1458 3941 se
1481 3900 1554 3942 con·

466 3978 611 4051 sisteret,
643 3967 682 4038 τὸ
711 3969 795 4056 πρός
826 3999 859 4038 τι
887 3980 1076 4040 conveniret.
1124 3979 1183 4039 Est
1213 3982 1294 4041 euim
1323 3983 1448 4045 omnino
1477 3985 1555 4046 baec

468 4097 539 4159 pars
562 4078 722 4138 doctrinae
735 4078 914 4140 Platonicae
935 4098 982 4156 ea,
1005 4082 1037 4141 in
1060 4101 1119 4160 qua
1128 4077 1296 4162 'Stagirites
1319 4083 1380 4144 sibi
1401 4085 1554 4163 putarita

467 4182 607 4261 magistri
633 4180 755 4241 ratione
775 4181 955 4261 longissime
976 4185 1186 4245 recedendum
1216 4202 1300 4259 csse,
1324 4185 1364 4246 de
1386 4205 1445 4264 qua
1467 4206 1504 4247 re
1518 4190 1554 4252 ἰ·.

471 4283 599 4344 Bicsioa
632 4281 678 4342 lle
707 4282 886 4364 l'hllosoplr.
917 4287 1078 4349 Aristotel.
1125 4307 1157 4367 p.
1185 4287 1329 4366 882sqq.
1372 4287 1442 4351 Vol.
1470 4290 1491 4349 l.
1522 4298 1555 4352 ct

468 4403 498 4465 p.
520 4385 663 4464 litllsqq.
724 4387 825 4464 Quum
855 4388 953 4466 igitur
980 4391 1040 4452 hoc
1068 4391 1207 4452 Platonis
1235 4393 1396 4453 decretum
1427 4393 1552 4456 omuino

467 4487 679 4566 improbaret,
712 4509 752 4551 ne
781 4510 889 4552 eorum
917 4492 1040 4568 quidem
1070 4491 1180 4554 lubuit
1207 4495 1375 4569 rationem,
1413 4516 1492 4575 quae
1520 4497 1553 4560 ln

467 4581 652 4650 Parmenides
681 4592 720 4651 de
748 4611 786 4655 eo
814 4594 883 4672 ipso
913 4592 983 4654 loco
1012 4596 1223 4676 disputantur,
1251 4599 1435 4676 pracsertim
1458 4621 1552 4680 qurum
