3775 5442
710 650 796 710 biber
815 653 935 730 primus.
978 651 1080 713 sesso
1101 654 1124 717 b
1445 664 1467 722 tl

374 825 410 885 in
440 823 613 885 enrrrrndo
642 821 716 884 libri
741 806 923 904 argumento
950 824 994 886 itu
1015 824 1273 904 temperabimus,
1302 835 1341 889 nt
1362 830 1466 895 missis

376 930 437 1003 iis,
459 945 537 1008 quse
557 926 773 997 tontummodo
794 927 835 989 sd
851 927 1000 1007 oolloquii
1008 928 1309 991 verisimilitudinem
1321 951 1358 993 so
1367 936 1466 998 ueluti

376 1037 523 1092 ornatum
552 1032 725 1111 pertinent,
760 1029 816 1090 ills
841 1031 911 1092 solo
935 1029 1120 1107 summus,
1154 1050 1235 1112 quse
1260 1034 1301 1094 sd
1327 1037 1463 1114 ipsorum

376 1152 502 1210 rerum,
523 1135 565 1196 de
588 1135 702 1216 qulbus
725 1133 908 1209 disseritur,
930 1134 1139 1213 eognltionenr
1151 1136 1328 1198 neeeswio
1346 1143 1463 1218 requiri

376 1235 550 1301 sidesutnr.
599 1237 676 1300 Nom
705 1236 750 1299 its
779 1255 838 1337 's
868 1255 1029 1317 spemmns
1050 1244 1115 1299 tem
1134 1239 1349 1318 perspicuitati
1370 1261 1462 1322 quom

377 1341 524 1403 brevitati
545 1339 723 1422 soripdonis
743 1347 870 1402 nostroe
891 1340 1011 1420 optime
1031 1359 1102 1403 esse
1115 1341 1331 1405 ,oonsultnros

462 1444 533 1506 llos
552 1445 652 1526 igitur
671 1444 832 1506 exordium
850 1448 901 1505 est
914 1443 1067 1505 sermonis
1079 1443 1174 1523 longe
1186 1445 1462 1526 gnrlssimistque
1514 1470 1525 1488 κ

377 1546 563 1610 ditlieililml.
608 1548 669 1611 cul
688 1553 869 1628 reputentes
890 1545 1003 1623 enquid
1023 1546 1101 1608 lueis
1119 1548 1461 1628 admouerepossimus,

378 1651 479 1711 stetim
501 1651 536 1710 in
554 1651 620 1711 hoo
640 1649 710 1730 ipso
732 1647 952 1729 disputationis
972 1647 1079 1708 limine
1096 1650 1213 1727 mugnis
1225 1652 1461 1730 nosimpeditos

377 1754 527 1814 sentimus
551 1735 797 1814 diffloultrtibus.
843 1750 934 1828 Quod
957 1750 1039 1809 enim
1067 1750 1100 1810 in
1126 1752 1284 1830 pictisque
1304 1753 1373 1815 nliis
1391 1754 1463 1815 l'ln-

378 1857 458 1917 tonis
479 1856 615 1935 dislugis
635 1855 740 1916 fruere
759 1854 852 1928 lieet,
884 1857 921 1913 ut
941 1871 979 1914 es
1000 1855 1140 1934 ipsorum
1161 1854 1260 1914 initiis
1280 1855 1463 1935 scenieoqnn

379 1966 487 2021 ornrtu
507 1959 624 2021 oeteris
645 1976 753 2021 eornm
773 1958 915 2038 pertibus
941 1957 1084 2018 nonnihil
1110 1957 1190 2018 ineis
1218 1956 1401 2030 sliersmus5
1428 1961 1463 2022 id

376 2064 407 2123 ln
428 2062 613 2123 Parmenide
633 2067 721 2122 oerte
741 2063 839 2123 multo
860 2079 952 2124 nurus
968 2060 1079 2136 bsbet,
1100 2060 1189 2122 ouius
1203 2061 1283 2122 sdeo
1294 2062 1461 2126 obscurum
1582 2058 1590 2073 ’

375 2165 558 2246 principium
583 2168 647 2238 est,
669 2169 705 2224 ni
724 2165 754 2224 ei
777 2165 911 2227 vicissim
933 2182 971 2225 ex
987 2183 1040 2237 er,
1062 2182 1142 2243 quse
1162 2163 1460 2245 deinoepsinstitui-

375 2278 445 2343 tur,
477 2269 659 2349 qusestione
687 2269 823 2346 petendo
850 2268 1015 2330 videntur
1034 2266 1250 2331 illustretionis
1271 2268 1458 2332 sdiunrents.

375 2373 455 2434 Nun
475 2389 532 2432 neu
550 2370 766 2450 deponeris,
787 2390 867 2450 quse
878 2373 927 2432 sel
940 2379 1223 2433 commemoratur
1232 2373 1282 2433 rel
1294 2372 1459 2451 loquentes

374 2476 580 2549 inducuntur,
602 2473 705 2535 omnis
725 2479 811 2534 eerts
831 2481 905 2536 sunt
931 2481 965 2535 et
991 2476 1166 2554 explorato,
1197 2493 1256 2536 nee
1282 2480 1459 2555 temporum

373 2580 513 2641 rstiones
533 2584 641 2640 errent
662 2578 728 2640 suls
750 2578 933 2658 quibusdem
955 2576 1207 2653 sinodalibus,
1228 2597 1287 2640 neo
1305 2580 1337 2639 in
1352 2581 1458 2659 nprieo

374 2689 427 2744 est
453 2702 575 2757 osum,
608 2702 664 2744 eur
691 2683 836 2744 Soerrtes
857 2682 1023 2743 admodum
1050 2683 1300 2744 odolesoeutulus
1321 2683 1459 2744 sermoni

374 2788 517 2861 nunu,
550 2787 603 2864 qu
629 2790 795 2866 postquam
821 2785 995 2847 domium
1027 2784 1068 2844 uo
1100 2785 1181 2844 ueu
1215 2804 1233 2843 a
1265 2785 1459 2847 ramerus
1590 2770 1602 2788 “

378 2889 623 2950 dubitationibus
642 2908 789 2950 surooessu
810 2888 989 2966 neutiquam
1009 2885 1095 2944 inlini
1116 2885 1274 2959 defendit,
1302 2888 1342 2946 sd
1363 2890 1459 2948 silen-

379 2991 460 3051 tium
482 2990 620 3053 redrdm
640 2993 718 3053 nibil
739 2990 825 3051 uliud
846 2991 906 3051 nisi
927 2989 1057 3050 Etesiae
1077 2991 1173 3063 sique
1192 2985 1371 3048 Aristotelis
1392 3007 1459 3048 ser-

376 3097 464 3156 moni
484 3096 603 3157 otiosus
623 3094 757 3169 residet,
779 3094 1023 3173 potientissimus
1044 3089 1129 3151 illius
1151 3088 1274 3148 auditor
1288 3088 1461 3168 dudlisque
1552 3135 1561 3155 .

375 3199 555 3281 discipulus
597 3198 804 3260 lt'lbilominus
824 3197 902 3257 bueo
915 3202 1009 3275 utque
1030 3195 1063 3255 id
1078 3211 1176 3275 genus
1191 3193 1250 3253 olis
1263 3212 1325 3254 non
1339 3199 1461 3255 temere

375 3323 394 3362 a
414 3303 546 3364 l’lrtone
567 3303 612 3362 its
633 3319 703 3363 esse
723 3300 865 3361 instituto
885 3307 918 3360 et
934 3298 1189 3360 odornstst’soile
1202 3299 1263 3359 sibi
1275 3298 1459 3377 persuaderi
1511 3346 1515 3353 .

374 3407 549 3488 potientur,
572 3404 625 3485 qui
645 3405 823 3484 prneoinrse
843 3402 929 3464 iliius
950 3402 1027 3463 srtis
1048 3403 1260 3474 meminerint,
1282 3420 1342 3480 qun
1354 3401 1459 3480 pbilo-

374 3510 496 3589 sophus
516 3510 549 3568 iu
570 3507 682 3569 esteris
704 3507 898 3568 sermonibus
919 3507 985 3567 suis
1003 3513 1163 3566 externum
1182 3511 1340 3580 ornstum,
1361 3504 1459 3566 veluti

374 3630 546 3691 penonss,
578 3631 658 3691 quse
692 3612 904 3689 colloquentes
933 3609 1187 3683 introducuntur,
1221 3613 1361 3688 tempus,
1395 3625 1457 3687 quo

376 3715 565 3793 colloquium
586 3714 726 3776 hobitum
747 3714 890 3793 fingitur,
914 3715 1026 3790 losum,
1048 3713 1103 3774 ubi
1116 3714 1300 3786 instituitur,
1323 3712 1459 3790 deniqne
1512 3776 1513 3779 ,

375 3818 531 3879 scenicum
553 3823 749 3897 sppnrntnm,
772 3824 807 3878 nt
828 3819 872 3878 its
893 3819 1011 3892 dirum,
1040 3817 1079 3878 sd
1101 3817 1186 3876 vorin
1206 3816 1362 3877 scribendi
1384 3832 1458 3875 oon-

374 3922 446 3983 sillu
466 3921 708 4000 prudentissime
734 3923 960 4000 sttempersvit.
1009 3922 1096 3999 Qnse
1120 3919 1238 3993 omnis,
1261 3918 1402 3997 quonism
1424 3918 1458 3976 iu

374 4028 436 4086 hoo
456 4025 541 4086 libro
562 4025 606 4085 its
627 4033 699 4087 snut
720 4031 912 4104 oomprrntn,
935 4031 970 4086 nt
991 4043 1131 4104 msgnsm
1153 4030 1239 4084 oerte
1260 4028 1380 4101 partem
1396 4034 1459 4079 non

375 4129 497 4209 possint
511 4129 674 4190 commode
685 4128 870 4210 pertrnotsri
889 4134 982 4208 ntqne
995 4127 1162 4201 illustrsri,
1187 4127 1247 4187 nisi
1262 4122 1459 4185 eusmtioue

376 4234 473 4293 totius
496 4232 571 4293 libri
591 4233 716 4311 penitus
733 4233 891 4305 absoluta
917 4234 1025 4312 pnnois
1042 4231 1194 4310 exeeptis,
1218 4247 1297 4308 quoe
1315 4223 1412 4283 veluti
1425 4225 1458 4284 in

376 4347 556 4398 trsnsoursn
585 4341 620 4396 et
650 4355 708 4416 per
739 4336 931 4397 suessionem
964 4342 1056 4397 munt
1086 4332 1282 4413 effingendo,
1317 4326 1358 4385 sd
1390 4345 1458 4389 enm

376 4439 597 4519 disputetionis
624 4446 750 4500 nostroe
777 4447 898 4519 purtem
919 4440 1035 4520 plsouit
1055 4453 1232 4506 reservare,
1264 4450 1324 4508 qus
1344 4431 1385 4491 de
1406 4451 1458 4492 ox-

375 4554 463 4605 terns
484 4543 621 4605 universi
643 4544 790 4622 oolloqnii
811 4543 911 4606 torma
933 4563 969 4605 nc
997 4543 1102 4620 speeie
1123 4538 1277 4618 explicaro
1299 4535 1458 4596 coustitui-

374 4667 453 4713 mus.
503 4648 612 4728 Neque
640 4648 722 4710 enlm
749 4654 868 4711 temere
888 4650 980 4712 nobis
1002 4648 1142 4709 videmur
1171 4659 1259 4725 spem
1279 4639 1461 4718 concepisse
1495 4718 1512 4741 .-
