3775 5442
482 641 546 703 Yiss
686 712 691 719 .
798 637 883 696 Liber
905 639 1057 696 munior.
1101 636 1202 695 Seotio
1216 634 1250 694 ll.

420 865 424 876 ,
483 812 644 875 Platonem
657 809 834 890 profitetur,
856 809 938 869 velie
959 827 995 870 ae
1016 808 1225 887 disputatione
1240 808 1282 868 ale
1294 807 1364 867 Uno
1378 805 1569 869 instituenda

485 931 653 996 operosum
672 911 784 974 ludere
804 913 917 973 lurum.
1567 916 1570 921 ’

568 1018 638 1078 Hoc
657 1016 755 1095 igitur
775 1016 853 1076 iilud
876 1023 936 1086 eat,
965 1010 1049 1090 qttotl
1078 1012 1105 1072 ri
1132 1031 1283 1075 nummum
1305 1013 1353 1073 rei
1380 1018 1566 1092 operiamur,

485 1123 515 1184 io
536 1121 721 1181 Parmenide
741 1117 901 1179 Platonico
924 1118 1089 1195 exponitur
1109 1122 1143 1176 et
1163 1117 1347 1177 illoatratur.
1386 1120 1567 1196 Quanquam

484 1225 576 1287 timul
602 1223 663 1284 alia
690 1239 814 1301 quoque
839 1222 1036 1298 attingrmtur
1063 1224 1096 1279 et
1117 1220 1308 1297 explicantur
1339 1221 1566 1282 sollertissime.

483 1330 561 1390 Nam
582 1327 716 1407 primum
737 1324 863 1404 quidem
885 1326 993 1384 cariem
1017 1341 1112 1401 operr
1133 1323 1330 1396 refutantur,
1352 1324 1406 1402 qui
1428 1322 1567 1384 l'latoula

484 1433 624 1493 idearum
653 1429 813 1490 doctrinae
841 1429 1018 1489 extitissent
1039 1425 1223 1485 adversarii.
1278 1427 1455 1505 carpuntur
1484 1427 1566 1487 euim

484 1534 622 1608 ltlriaticl,
643 1530 737 1594 reboo
755 1531 1016 1609 adapertobiilbua
1038 1529 1285 1608 praedicatorum
1303 1529 1482 1588 varietatem
1504 1529 1566 1588 eri-

484 1637 617 1716 pientea.
658 1633 944 1712 Reprehenduntur
970 1640 1004 1694 et
1032 1633 1231 1709 corriguntur
1257 1629 1403 1705 Eleatici,
1432 1631 1486 1710 qui
1514 1633 1568 1693 uni

484 1739 560 1803 lluti
587 1756 646 1800 auo
675 1739 839 1797 veritatem
867 1744 899 1798 et
926 1738 1136 1815 cognitionem
1169 1735 1380 1808 vindicabunt,
1419 1736 1567 1797 reientiae

483 1848 592 1905 antem.
613 1848 647 1902 et
676 1839 862 1918 coguitionia
890 1840 1071 1900 varietatem
1099 1839 1252 1900 tollebant
1279 1838 1429 1899 funditur.
1482 1838 1566 1900 (lou-

483 1948 640 2007 velluntur
661 1943 799 2003 rationea
822 1941 1031 2018 phyaicorum,
1054 1941 1220 2021 Leucippi,
1243 1942 1426 2017 Democriti,
1448 1943 1566 2004 Anaxa-

482 2064 595 2128 gorae,
624 2047 678 2124 qui
697 2046 747 2105 rel
768 2063 934 2123 corporum
961 2046 1109 2105 materiae
1131 2045 1179 2104 rel
1208 2045 1392 2124 corporibua
1413 2047 1489 2126 ipola
1510 2045 1566 2106 ari-

482 2148 661 2213 acribebant
682 2148 859 2210 earentiarn.
913 2149 1060 2226 'lienique
1081 2147 1159 2211 uirili
1180 2167 1242 2209 non
1264 2148 1444 2229 philoaoplti
1464 2147 1564 2225 reapi-

484 2257 624 2325 clontur‚
653 2253 706 2330 qul
733 2251 772 2312 alr
799 2250 938 2312 idearum
971 2249 1114 2310 doctrina
1142 2252 1328 2312 recederent
1356 2268 1486 2329 eamque
1505 2250 1566 2311 im·

405 2338 409 2356 ¹
482 2357 662 2436 preberent.
715 2354 885 2415 Praeterea
903 2371 978 2414 vero
1000 2353 1109 2427 etiam,
1137 2353 1171 2414 iri
1192 2356 1276 2434 quod
1299 2373 1369 2416 cum
1388 2355 1566 2434 argumenti

404 2483 408 2490 ¹
481 2457 667 2519 tractatione
698 2455 871 2517 arctiaaime
899 2464 967 2517 erat
989 2456 1205 2533 coniunctum,
1241 2460 1324 2520 varia
1357 2457 1505 2519 acientiaa
1533 2463 1567 2518 et

482 2560 666 2640 cognitionis
693 2576 810 2636 genera
836 2564 980 2620 accurate
1020 2560 1252 2639 diatioguuntur
1284 2561 1427 2623 ioalicatia
1455 2578 1565 2622 eorum

481 2665 632 2736 lontibrn,
655 2664 682 2724 ai
704 2661 841 2739 quidam,
864 2662 924 2723 obi
939 2681 1087 2725 aenauum
1108 2666 1277 2744 perceptio,
1299 2664 1416 2744 opinio,
1438 2664 1566 2727 acientia

481 2769 615 2847 denique
642 2766 744 2827 locum
773 2765 903 2840 habeat,
933 2766 1072 2841 premier
1092 2766 1232 2845 quiriem,
1261 2769 1317 2830 reri
1338 2786 1400 2829 non
1429 2769 1497 2830 aine
1516 2768 1564 2828 iu·

481 2872 562 2950 algui
595 2870 727 2949 quadam
761 2871 936 2932 rubtilitate
967 2869 1170 2949 ripoiflcatur.
1234 2872 1321 2949 Quae
1348 2872 1451 2933 omnia
1475 2872 1504 2933 al
1530 2872 1564 2932 iu

480 2993 577 3036 unum
603 2972 866 3053 comprehendar,
892 2991 955 3034 non
983 2972 1102 3050 poterin
1130 2989 1192 3034 non
1214 2973 1323 3049 fateri,
1352 2993 1460 3035 verum
1481 2993 1563 3045 eane,

481 3079 565 3156 qrrod
598 3094 693 3154 aupra
727 3074 769 3136 rie
802 3076 938 3137 unirerai
967 3076 1084 3155 dialogi
1117 3077 1301 3155 ‘argumento
1334 3085 1367 3139 et
1383 3078 1562 3158 'proponito

480 3181 690 3240 iudicavimus.
860 3238 862 3241 .

439 3320 446 3340 r
567 3281 668 3340 Unum
697 3287 800 3339 tamen
829 3287 991 3358 aupereat,
1026 3280 1109 3359 quod
1137 3279 1188 3341 hio
1215 3301 1472 3345 commemorrare
1498 3301 1563 3346 non

361 3448 366 3463 ,
481 3384 542 3444 erit
568 3383 686 3442 inutile
752 3386 853 3460 Quum
881 3383 963 3443 euim
990 3382 1095 3457 ideae,
1122 3385 1216 3446 aicuti
1244 3387 1389 3459 vidimua,
1416 3404 1436 3445 ι
1457 3394 1563 3447 mente

480 3487 593 3558 divina,
605 3492 750 3565 tauqurm
771 3505 915 3565 ruprema
927 3505 1030 3547 rerum
1043 3488 1179 3548 omnium
1191 3507 1309 3569 cauare,
1331 3508 1392 3568 qua
1408 3489 1563 3551 inlinitum

481 3599 574 3666 atque
600 3588 721 3648 linitum
748 3589 780 3648 in
808 3609 902 3650 rurum
935 3591 1148 3670 coniungitur,
1182 3592 1434 3673 proliciacantur,
1468 3593 1564 3654 iacile

428 3743 434 3769 ,
481 3694 574 3755 etiam
594 3693 708 3753 mirum
729 3692 820 3753 alicui
841 3692 971 3767 accidat,
994 3696 1077 3781 quod
1100 3695 1187 3758 loona
1210 3696 1250 3757 de
1264 3695 1330 3756 ileo
1351 3714 1481 3775 proroua
1499 3715 1563 3758 uon

480 3797 653 3874 attingitur,
675 3795 731 3856 red
753 3798 878 3857 omnino
900 3797 1024 3857 aileutio
1047 3799 1273 3859 transmittitur.
1340 3799 1431 3877 Quod
1459 3801 1563 3878 ipaum

480 3899 604 3960 vitietur
630 3897 790 3971 eiiecioae,
827 3907 863 3959 ut
883 3898 1034 3960 Platonici
1067 3904 1258 3963 recentiorer
1292 3902 1447 3963 inlinitum
1483 3903 1563 3964 iilud

480 4003 581 4062 Unum
611 4020 670 4081 pro
696 4003 823 4063 numine
851 4002 954 4064 divino
982 4005 1158 4065 habentium
1186 4006 1406 4067 existimarent
1454 4005 1563 4067 iluim-

479 4124 554 4164 vero
582 4112 669 4164 recte
697 4106 842 4166 viderunt
870 4106 918 4166 ilii
947 4109 1150 4169 arotiaaimam
1171 4126 1245 4169 rane
1266 4127 1336 4169 eoae
1357 4109 1441 4170 inter
1461 4109 1562 4173 ileum

399 4258 401 4263 ,
479 4214 513 4269 et
533 4208 620 4269 ideae
641 4209 919 4283 ueceraiturlinem,
948 4219 985 4270 ut
1005 4211 1105 4272 ricuini
1125 4212 1167 4272 de
1187 4211 1237 4273 hia
1258 4229 1361 4273 rernm
1385 4218 1443 4286 eat,
1466 4213 1563 4275 etiam

479 4311 520 4371 ria
539 4311 594 4372 iilo
616 4311 800 4389 explicatum
821 4313 861 4373 iri
882 4315 976 4375 facile
997 4321 1166 4394 exapectea.
1227 4316 1434 4378 Nihilomiuua
1456 4323 1563 4380 nmen

480 4404 645 4492 utrumque
672 4423 885 4494 argumentum
907 4426 995 4476 recte
1015 4419 1118 4494 potuit
1138 4418 1280 4496 aeluugi,
1296 4427 1390 4499 atque
1411 4421 1562 4500 peculiari

479 4516 625 4592 explicari
646 4516 866 4594 diopntatione.
890 4518 932 4578 [n
954 4529 1040 4580 certe
1056 4521 1147 4583 aliam
1169 4522 1257 4584 locut
1277 4522 1320 4587 tle
1340 4523 1407 4585 ileo
1429 4524 1562 4603 requirit

478 4619 703 4693 mintionem,
724 4617 816 4689 aliam
837 4622 925 4684 iocur
946 4623 987 4683 de
1008 4622 1098 4686 idaia.
1150 4624 1303 4705 Quociror
1331 4626 1423 4690 troile
1445 4626 1561 4689 iutelli-
