3775 5442
327 4792 362 4824 h.

442 679 507 741 342
559 659 563 669 ¹
906 671 1071 729 Conclusio.

446 844 687 930 philosophandi
711 861 827 922 gernere
849 843 1051 923 comparatio,
1075 838 1158 919 quon
1181 840 1213 899 in
1236 857 1354 899 summa
1378 839 1536 899 dissimili-

445 951 552 1013 tudine
575 954 677 1007 tamen
702 946 808 1026 negari
830 965 891 1007 uon
926 952 1032 1026 potest
1054 943 1100 1003 illi
1123 960 1195 1003 cssc
1216 942 1417 1025 slmllllmum.
1459 943 1534 1002 h'am

443 1050 650 1115 recentissimi
675 1050 767 1109 etiam
791 1048 990 1129 philosophi,
1023 1047 1077 1125 qni
1103 1046 1135 1106 in
1159 1045 1325 1106 Germania
1353 1053 1459 1107 nostra
1482 1064 1536 1105 ex-

443 1156 592 1228 titerunt,
623 1171 787 1230 supremae
819 1171 924 1212 rerum
954 1150 1089 1212 omnium
1113 1168 1241 1209 caussae
1267 1166 1334 1209 eam
1359 1149 1537 1210 tribuerunt
1599 1207 1611 1219 ,

444 1259 503 1319 siro
528 1264 560 1317 et
582 1254 797 1328 efficientiam,
830 1274 910 1334 quiae
930 1254 1033 1334 posita
1056 1257 1139 1313 esset
1159 1252 1190 1310 iu
1218 1251 1375 1330 cogitandi
1404 1252 1537 1325 actione,

445 1381 482 1427 er
517 1379 618 1437 eoque
651 1375 755 1417 rerum
790 1359 925 1417 omnium
963 1363 1104 1416 naturam
1146 1355 1301 1434 explicare
1339 1354 1538 1416 studuerunt.

446 1464 587 1526 Fichtlus
616 1462 696 1521 euim
726 1479 820 1539 quum
849 1459 1076 1539 perspexisset,
1111 1463 1176 1517 tres
1212 1457 1244 1516 in
1274 1463 1378 1517 mente
1405 1457 1538 1518 humana

448 1571 552 1629 inesse
572 1563 748 1645 primitivos
771 1562 883 1642 agendi
905 1562 1028 1635 modos,
1051 1570 1088 1623 ut
1110 1563 1194 1622 etin
1217 1581 1253 1624 re
1275 1566 1359 1622 esset
1379 1566 1413 1621 et
1436 1561 1537 1640 aliqua

447 1670 508 1732 sibi
539 1668 661 1729 oblecta
691 1664 823 1725 haberet
851 1665 1061 1737 extrinsecus,
1093 1670 1126 1723 et
1154 1681 1191 1723 ex
1213 1661 1263 1724 his
1286 1663 1420 1744 denique
1442 1666 1482 1725 ad
1504 1685 1538 1727 sa

447 1772 545 1852 lpsrm
575 1772 804 1839 reuerteretur3
840 1775 968 1828 exortus
991 1773 1101 1847 postea
1122 1765 1273 1844 liegelius
1295 1775 1354 1842 est,
1385 1768 1437 1848 qni
1459 1768 1539 1828 duce

446 1871 640 1948 schellingio
674 1890 755 1948 quiae
776 1871 831 1930 ille
854 1869 894 1930 sle
916 1875 1023 1929 mente
1044 1869 1177 1929 humana
1200 1871 1366 1941 docuerat,
1392 1869 1432 1929 ad
1455 1888 1538 1929 sum·
1601 1920 1607 1931 .

447 1994 528 2037 mam
556 1972 792 2051 absolutamque
820 1973 974 2033 rationem
996 1970 1142 2041 referret,
1199 1974 1265 2050 Qua
1287 1974 1319 2034 iu
1342 1991 1377 2032 re
1399 1972 1468 2051 quls
1489 1977 1539 2032 est

448 2077 522 2156 quin
544 2080 658 2155 sponte
679 2075 902 2135 animadvertat
923 2073 1069 2137 similiter
1092 2093 1161 2135 esum
1185 2083 1342 2135 versatum
1357 2094 1428 2136 esse
1445 2082 1538 2154 atque

448 2179 632 2241 Platonem?
677 2177 868 2255 Quamquam
895 2177 948 2238 hic
970 2176 1095 2256 quidem
1123 2197 1297 2256 supremam
1321 2188 1462 2239 ortanam
1485 2197 1538 2239 vc-

448 2282 507 2343 luit
527 2280 559 2339 iu
584 2282 663 2342 νοῦν
685 2283 779 2356 atque
800 2271 914 2363 ψυχήν
935 2278 1071 2341 translre
1084 2279 1135 2358 *);
1169 2282 1224 2342 ille
1247 2282 1423 2342 continuam
1446 2283 1539 2341 abso-

448 2386 532 2445 lutae
561 2381 674 2442 meutis
705 2379 765 2439 vim
793 2384 827 2439 et
849 2379 1049 2442 efficientiam
1071 2400 1130 2460 pro
1152 2384 1219 2463 ipsa
1241 2404 1345 2444 renim
1369 2386 1455 2464 qiuari
1478 2383 1540 2442 nn

448 2484 623 2547 habendam
652 2481 807 2543 iudicavit.
872 2483 986 2544 Docuit
1012 2490 1115 2545 autem
1137 2485 1287 2565 Herelius
1317 2489 1445 2548 eosdem
1467 2487 1540 2548 illus

450 2586 563 2667 agendi
595 2585 724 2658 modos,
756 2604 835 2664 qnos
856 2585 999 2648 Ficbtins
1020 2588 1052 2648 ln
1075 2586 1207 2649 humana
1229 2595 1334 2649 mente
1356 2592 1538 2650 observare-

451 2695 510 2764 ιιι,
533 2691 626 2749 etiam
649 2689 746 2748 menti
767 2689 889 2749 «livinae
910 2693 1056 2770 proprios
1079 2709 1169 2764 esse,
1192 2691 1250 2752 hac
1272 2699 1374 2753 tamen
1398 2692 1540 2753 modera-

450 2795 538 2855 tione
566 2793 724 2864 adhibita,
753 2797 788 2852 ut
816 2810 883 2852 eam
903 2791 1023 2854 diceret
1046 2793 1178 2873 primum
1202 2796 1234 2855 in
1257 2814 1292 2854 se
1315 2813 1402 2868 esse,
1426 2795 1541 2855 deinde

451 2916 486 2960 se
504 2896 564 2957 sibl
585 2896 645 2975 ipsi
667 2893 753 2953 velut
779 2895 931 2956 obiectam
955 2896 1082 2971 babere,
1103 2896 1238 2975 denique
1257 2898 1295 2958 al
1326 2898 1487 2959 resedire
1510 2904 1542 2957 et

450 3005 635 3077 utrumque,
667 3014 736 3056 cnm
764 2997 920 3058 internum
948 3005 1014 3061 tum
1039 3006 1216 3074 externum,
1244 3002 1391 3060 inimum
1416 3001 1541 3060 coninu-

451 3119 538 3181 gerc.
583 3100 667 3175 Quas
689 3103 793 3157 autem
816 3100 938 3159 censuit
961 3120 1030 3162 esse
1052 3121 1217 3181 supremae
1238 3104 1368 3164 rationis
1391 3104 1539 3174 actiones,

451 3202 578 3262 eudem
601 3198 701 3261 voluit
722 3197 815 3256 etiam
830 3199 862 3257 in
884 3219 989 3260 rerum
1012 3209 1122 3263 natura
1144 3223 1213 3264 esse
1236 3207 1427 3285 corispiouas,
1450 3225 1541 3283 qnmu

451 3308 550 3363 totam
578 3298 637 3359 hac
665 3299 736 3378 lege
766 3317 836 3359 esse
865 3301 1036 3363 arbitratus
1069 3310 1135 3378 cst,
1164 3312 1199 3365 ut
1230 3308 1333 3367 omnia
1362 3329 1397 3368 ac
1419 3309 1542 3386 singula

454 3404 572 3484 triplici
593 3402 648 3463 illa
670 3404 793 3465 actione
814 3402 1061 3468 absolverentur.
1128 3407 1204 3468 Nam
1233 3430 1294 3470 sion
1317 3411 1417 3471 solum
1439 3414 1538 3470 totam

451 3524 556 3568 rerum
579 3505 812 3567 universitatem
834 3505 908 3567 huic
929 3507 993 3588 legi
1018 3528 1131 3588 parere
1153 3513 1260 3585 volarit,
1284 3514 1339 3574 sed
1363 3515 1456 3573 etiam
1478 3513 1542 3572 sin-

451 3607 525 3689 gula
546 3607 590 3666 ita
613 3615 791 3685 comparata
812 3610 960 3672 iudicavit
980 3631 1061 3687 esse,
1084 3620 1119 3674 ut
1142 3614 1241 3675 tribus
1263 3615 1325 3675 illis
1350 3615 1460 3675 formis
1483 3615 1543 3674 alia

452 3710 633 3789 nequeatis
660 3728 765 3776 rernm
793 3730 908 3791 genera
936 3723 1140 3776 nascerentur
1174 3716 1316 3794 adeoque
1348 3717 1542 3794 singulorum

453 3820 562 3876 natura
585 3818 679 3892 atquc
701 3813 764 3874 vita
786 3821 959 3893 regeretur.
999 3818 1149 3894 Quocirca
1172 3826 1237 3879 tres
1260 3819 1422 3879 constitnit
1443 3817 1543 3877 totins

454 3916 673 3997 philosophiae
693 3923 810 3996 partes,
833 3918 966 3996 logicam
988 3917 1213 3991 sublimiorem,
1238 3926 1366 3979 naturae
1389 3919 1542 3997 coguitio-

453 4036 542 4091 nem,
578 4026 611 4079 et
648 4021 780 4094 mentis,
812 4038 903 4098 quiam
932 4025 1036 4096 vocat,
1067 4021 1307 4101 philosophiam.
1363 4021 1544 4100 Appareluc

454 4123 551 4204 igitur
577 4121 651 4191 talia
680 4123 758 4184 haec
785 4141 872 4196 esse,
902 4143 981 4202 quae
1011 4124 1095 4186 baud
1124 4125 1278 4187 inutiliter
1307 4144 1376 4185 enm
1405 4123 1545 4184 Platonis

455 4225 597 4289 loetum
618 4244 799 4305 comparare
821 4227 914 4287 liceat
934 4236 1028 4307 atquc
1051 4248 1088 4291 eo
1102 4229 1208 4303 mollo,
1230 4233 1266 4288 nt
1280 4227 1338 4287 bac
1356 4227 1424 4304 ipsa
1437 4225 1547 4285 decre-

455 4338 560 4404 torum
583 4329 781 4403 contentione
803 4330 920 4415 aliquid
942 4333 1099 4404 commodi
1123 4337 1156 4395 ct
1169 4331 1312 4393 utilitatis
1325 4331 1357 4391 iu
1372 4327 1546 4390 universnm

526 4581 555 4644 *)
572 4579 605 4628 V.
625 4579 769 4628 Tirrsnenrn.
790 4578 870 4645 las-pp.
890 4577 922 4627 Χ.
943 4597 969 4645 p.
989 4543 1101 4632 ιιθῖιίῖι
1117 4599 1174 4650 sqq.
1212 4581 1314 4633 l‘hilcb.
1335 4601 1361 4652 p.
1377 4580 1422 4632 98.
1440 4582 1471 4631 lt.
1487 4597 1545 4646 sqq.

459 4648 571 4716 Diogen.
589 4647 676 4701 Lutrt.
697 4647 742 4705 ill·
762 4664 843 4715 sepau.
862 4645 992 4699 tiu-⁷7.
