<?xml version="1.0" encoding="UTF-8"?>
<!DOCTYPE html PUBLIC "-//W3C//DTD XHTML 1.0 Transitional//EN"
    "http://www.w3.org/TR/xhtml1/DTD/xhtml1-transitional.dtd">
<html xmlns="http://www.w3.org/1999/xhtml" xml:lang="en" lang="en">
 <head>
  <title>
</title>
<meta http-equiv="Content-Type" content="text/html;charset=utf-8" />
  <meta name='ocr-system' content='tesseract 3.04.00' />
  <meta name='ocr-capabilities' content='ocr_page ocr_carea ocr_par ocr_line ocrx_word'/>
</head>
<body>
  <div class='ocr_page' id='page_1' title='image "./parmenidescumqu00platgoog_0619.png"; bbox 0 0 3775 5442; ppageno 0'>
   <div class='ocr_carea' id='block_1_1' title="bbox 712 664 1455 731">
    <p class='ocr_par' dir='ltr' id='par_1_1' title="bbox 712 664 1455 731">
     <span class='ocr_line' id='line_1_1' title="bbox 712 664 1455 731; baseline 0.007 -5"><span class='ocrx_word' id='word_1_1' title='bbox 712 665 760 727; x_wconf 82' lang='grc' dir='ltr'><strong><em>ΙΝ</em></strong></span> <span class='ocrx_word' id='word_1_2' title='bbox 787 664 1118 730; x_wconf 80' lang='lat' dir='ltr'><strong>PARMENIDEM.</strong></span> <span class='ocrx_word' id='word_1_3' title='bbox 1392 668 1455 731; x_wconf 69' lang='lat'><strong><em>⁶2⁸</em></strong></span> 
     </span>
    </p>
   </div>
   <div class='ocr_carea' id='block_1_2' title="bbox 374 828 1457 1340">
    <p class='ocr_par' dir='ltr' id='par_1_2' title="bbox 376 828 1457 1017">
     <span class='ocr_line' id='line_1_2' title="bbox 376 828 1457 916; baseline 0.004 -20"><span class='ocrx_word' id='word_1_4' title='bbox 376 841 470 896; x_wconf 80' lang='grc' dir='ltr'><strong><em>ταῖιθα</em></strong></span> <span class='ocrx_word' id='word_1_5' title='bbox 491 831 520 896; x_wconf 77' lang='grc' dir='ltr'><strong><em>δ’</em></strong></span> <span class='ocrx_word' id='word_1_6' title='bbox 543 859 593 897; x_wconf 84' lang='grc' dir='ltr'><strong><em>ουν</em></strong></span> <span class='ocrx_word' id='word_1_7' title='bbox 614 837 697 903; x_wconf 85' lang='grc' dir='ltr'><strong><em>ὄντως</em></strong></span> <span class='ocrx_word' id='word_1_8' title='bbox 719 828 738 894; x_wconf 82' lang='lat'><strong><em>6</em></strong></span> <span class='ocrx_word' id='word_1_9' title='bbox 757 858 786 893; x_wconf 89' lang='grc' dir='ltr'><strong><em>τε</em></strong></span> <span class='ocrx_word' id='word_1_10' title='bbox 807 837 892 904; x_wconf 85' lang='grc' dir='ltr'><strong><em>δειλδς</em></strong></span> <span class='ocrx_word' id='word_1_11' title='bbox 910 838 977 916; x_wconf 82' lang='grc' dir='ltr'><strong><em>ἀνήρ</em></strong></span> <span class='ocrx_word' id='word_1_12' title='bbox 1000 831 1018 897; x_wconf 85' lang='lat'><strong><em>6</em></strong></span> <span class='ocrx_word' id='word_1_13' title='bbox 1035 830 1063 896; x_wconf 83' lang='grc' dir='ltr'><strong><em>τ’</em></strong></span> <span class='ocrx_word' id='word_1_14' title='bbox 1083 834 1195 913; x_wconf 78' lang='grc' dir='ltr'><strong><em>άλκιμος</em></strong></span> <span class='ocrx_word' id='word_1_15' title='bbox 1215 840 1383 911; x_wconf 67' lang='grc' dir='ltr'><strong><em>ἐξεφαάνθη,</em></strong></span> <span class='ocrx_word' id='word_1_16' title='bbox 1410 842 1457 900; x_wconf 80' lang='grc' dir='ltr'><strong><em>καί</em></strong></span> 
     </span>
     <span class='ocr_line' id='line_1_3' title="bbox 376 924 1164 1017; baseline -0.001 -19"><span class='ocrx_word' id='word_1_17' title='bbox 376 944 455 998; x_wconf 74' lang='grc' dir='ltr'><strong><em>τοῦτο</em></strong></span> <span class='ocrx_word' id='word_1_18' title='bbox 474 943 594 1015; x_wconf 89' lang='grc' dir='ltr'><strong><em>γίγνεται</em></strong></span> <span class='ocrx_word' id='word_1_19' title='bbox 614 941 749 1015; x_wconf 72' lang='grc' dir='ltr'><strong><em>κριτήριον</em></strong></span> <span class='ocrx_word' id='word_1_20' title='bbox 769 943 822 996; x_wconf 84' lang='grc' dir='ltr'><strong><em>τῶν</em></strong></span> <span class='ocrx_word' id='word_1_21' title='bbox 838 924 867 994; x_wconf 77' lang='grc' dir='ltr'><strong><em>εδ</em></strong></span> <span class='ocrx_word' id='word_1_22' title='bbox 886 945 1044 1013; x_wconf 71' lang='grc' dir='ltr'><strong><em>πεφυκότων</em></strong></span> <span class='ocrx_word' id='word_1_23' title='bbox 1059 943 1106 1000; x_wconf 85' lang='grc' dir='ltr'><strong><em>καί</em></strong></span> <span class='ocrx_word' id='word_1_24' title='bbox 1119 943 1164 1017; x_wconf 88' lang='grc' dir='ltr'><strong><em>μή.</em></strong></span> 
     </span>
    </p>

    <p class='ocr_par' dir='ltr' id='par_1_3' title="bbox 374 1049 1457 1340">
     <span class='ocr_line' id='line_1_4' title="bbox 462 1049 1456 1139; baseline 0.006 -25"><span class='ocrx_word' id='word_1_25' title='bbox 462 1055 565 1132; x_wconf 63' lang='grc' dir='ltr'><strong><em>,Ἔφη</em></strong></span> <span class='ocrx_word' id='word_1_26' title='bbox 589 1061 624 1117; x_wconf 88' lang='grc' dir='ltr'><strong><em>δέ</em></strong></span> <span class='ocrx_word' id='word_1_27' title='bbox 645 1049 896 1129; x_wconf 68' lang='grc' dir='ltr'><strong><em>δήδἎντιφών</em></strong></span> <span class='ocrx_word' id='word_1_28' title='bbox 916 1061 1031 1134; x_wconf 75' lang='grc' dir='ltr'><strong><em>λέγειν</em></strong></span> <span class='ocrx_word' id='word_1_29' title='bbox 1056 1066 1114 1119; x_wconf 90' lang='grc' dir='ltr'><strong><em>τδν</em></strong></span> <span class='ocrx_word' id='word_1_30' title='bbox 1139 1063 1376 1139; x_wconf 74' lang='grc' dir='ltr'><em>Πυθόδωρον,</em></span> <span class='ocrx_word' id='word_1_31' title='bbox 1403 1059 1456 1120; x_wconf 78' lang='grc' dir='ltr'><strong><em>ὅτι</em></strong></span> 
     </span>
     <span class='ocr_line' id='line_1_5' title="bbox 375 1161 1457 1239; baseline 0.004 -21"><span class='ocrx_word' id='word_1_32' title='bbox 375 1161 639 1236; x_wconf 74' lang='grc' dir='ltr'><strong><em>,,ἀφίκοιντό“)</em></strong></span> <span class='ocrx_word' id='word_1_33' title='bbox 665 1182 748 1220; x_wconf 88' lang='grc' dir='ltr'><strong><em>ποτε</em></strong></span> <span class='ocrx_word' id='word_1_34' title='bbox 777 1161 824 1225; x_wconf 87' lang='grc' dir='ltr'><strong><em>είς</em></strong></span> <span class='ocrx_word' id='word_1_35' title='bbox 845 1165 1088 1234; x_wconf 72' lang='grc' dir='ltr'><strong><em>Παναθήναια</em></strong></span> <span class='ocrx_word' id='word_1_36' title='bbox 1117 1167 1157 1221; x_wconf 87' lang='grc' dir='ltr'><strong><em>τά</em></strong></span> <span class='ocrx_word' id='word_1_37' title='bbox 1182 1167 1318 1239; x_wconf 83' lang='grc' dir='ltr'><strong><em>μεγάλα</em></strong></span> <span class='ocrx_word' id='word_1_38' title='bbox 1344 1167 1457 1237; x_wconf 85' lang='grc' dir='ltr'><strong><em>Ζήνων</em></strong></span> 
     </span>
     <span class='ocr_line' id='line_1_6' title="bbox 374 1263 1175 1340; baseline 0 -19"><span class='ocrx_word' id='word_1_39' title='bbox 374 1286 437 1334; x_wconf 72' lang='lat' dir='ltr'><strong><em>„te</em></strong></span> <span class='ocrx_word' id='word_1_40' title='bbox 457 1264 515 1320; x_wconf 84' lang='grc' dir='ltr'><strong><em>καί</em></strong></span> <span class='ocrx_word' id='word_1_41' title='bbox 533 1263 765 1340; x_wconf 87' lang='grc' dir='ltr'><strong><em>Παρμενίδης.</em></strong></span> <span class='ocrx_word' id='word_1_42' title='bbox 775 1270 793 1295; x_wconf 87' lang='grc'><strong>“</strong></span> <span class='ocrx_word' id='word_1_43' title='bbox 821 1263 937 1337; x_wconf 73' lang='lat' dir='ltr'>(steph,</span> <span class='ocrx_word' id='word_1_44' title='bbox 955 1266 1175 1340; x_wconf 76' lang='grc' dir='ltr'><strong><em>[ι.1’27.Α.Β.)</em></strong></span> 
     </span>
    </p>
   </div>
   <div class='ocr_carea' id='block_1_3' title="bbox 376 1379 1504 2777">
    <p class='ocr_par' dir='ltr' id='par_1_4' title="bbox 376 1379 1504 2777">
     <span class='ocr_line' id='line_1_7' title="bbox 463 1379 1458 1460; baseline 0.003 -18"><span class='ocrx_word' id='word_1_45' title='bbox 463 1385 527 1442; x_wconf 84' lang='grc' dir='ltr'><strong><em>Εἷσί</em></strong></span> <span class='ocrx_word' id='word_1_46' title='bbox 542 1407 608 1450; x_wconf 85' lang='grc' dir='ltr'><strong><em>τινες</em></strong></span> <span class='ocrx_word' id='word_1_47' title='bbox 630 1385 660 1440; x_wconf 86' lang='grc' dir='ltr'><strong><em>οί</em></strong></span> <span class='ocrx_word' id='word_1_48' title='bbox 678 1404 746 1454; x_wconf 89' lang='grc' dir='ltr'><strong><em>φασι</em></strong></span> <span class='ocrx_word' id='word_1_49' title='bbox 764 1385 810 1438; x_wconf 83' lang='grc' dir='ltr'><strong><em>τὸν</em></strong></span> <span class='ocrx_word' id='word_1_50' title='bbox 826 1379 991 1456; x_wconf 80' lang='grc' dir='ltr'><strong><em>Ἀντιφῶντα</em></strong></span> <span class='ocrx_word' id='word_1_51' title='bbox 1012 1388 1119 1451; x_wconf 83' lang='grc' dir='ltr'><strong><em>τοδτους</em></strong></span> <span class='ocrx_word' id='word_1_52' title='bbox 1137 1385 1313 1460; x_wconf 70' lang='grc' dir='ltr'><strong><em>ἀπαγγέλλειν</em></strong></span> <span class='ocrx_word' id='word_1_53' title='bbox 1333 1388 1394 1453; x_wconf 81' lang='grc' dir='ltr'><strong><em>τούς</em></strong></span> <span class='ocrx_word' id='word_1_54' title='bbox 1411 1391 1458 1446; x_wconf 77' lang='grc' dir='ltr'><strong><em>λό-</em></strong></span> 
     </span>
     <span class='ocr_line' id='line_1_8' title="bbox 376 1479 1458 1568; baseline 0 -24"><span class='ocrx_word' id='word_1_55' title='bbox 376 1509 443 1563; x_wconf 91' lang='grc' dir='ltr'><strong><em>γους</em></strong></span> <span class='ocrx_word' id='word_1_56' title='bbox 472 1484 521 1558; x_wconf 78' lang='grc' dir='ltr'><strong><em>οὔχ</em></strong></span> <span class='ocrx_word' id='word_1_57' title='bbox 545 1488 579 1552; x_wconf 87' lang='grc' dir='ltr'><strong><em>ὡς</em></strong></span> <span class='ocrx_word' id='word_1_58' title='bbox 603 1487 702 1557; x_wconf 84' lang='grc' dir='ltr'><strong><em>εἴδησιν</em></strong></span> <span class='ocrx_word' id='word_1_59' title='bbox 724 1481 811 1541; x_wconf 80' lang='grc' dir='ltr'><strong><em>αὗτῶν</em></strong></span> <span class='ocrx_word' id='word_1_60' title='bbox 837 1482 930 1555; x_wconf 71' lang='grc' dir='ltr'><strong><em>ἔχοντα</em></strong></span> <span class='ocrx_word' id='word_1_61' title='bbox 951 1479 1009 1562; x_wconf 55' lang='grc' dir='ltr'><strong><em>ήί)</em></strong></span> <span class='ocrx_word' id='word_1_62' title='bbox 1032 1489 1193 1565; x_wconf 75' lang='grc' dir='ltr'><strong><em>ἐπιστήμην,</em></strong></span> <span class='ocrx_word' id='word_1_63' title='bbox 1220 1485 1281 1546; x_wconf 76' lang='grc' dir='ltr'><strong><em>ἀλλ’</em></strong></span> <span class='ocrx_word' id='word_1_64' title='bbox 1301 1482 1371 1565; x_wconf 81' lang='grc' dir='ltr'><strong><em>ι’ίκρα</em></strong></span> <span class='ocrx_word' id='word_1_65' title='bbox 1388 1493 1458 1568; x_wconf 80' lang='grc' dir='ltr'><strong><em>μόνη</em></strong></span> 
     </span>
     <span class='ocr_line' id='line_1_9' title="bbox 376 1583 1459 1667; baseline 0.003 -24"><span class='ocrx_word' id='word_1_66' title='bbox 376 1586 411 1667; x_wconf 74' lang='grc' dir='ltr'><strong><em>τῇ</em></strong></span> <span class='ocrx_word' id='word_1_67' title='bbox 431 1591 533 1667; x_wconf 77' lang='grc' dir='ltr'><strong><em>γλώττῃ</em></strong></span> <span class='ocrx_word' id='word_1_68' title='bbox 553 1587 599 1644; x_wconf 84' lang='grc' dir='ltr'><strong><em>καί</em></strong></span> <span class='ocrx_word' id='word_1_69' title='bbox 619 1589 687 1643; x_wconf 86' lang='grc' dir='ltr'><strong><em>κατά</em></strong></span> <span class='ocrx_word' id='word_1_70' title='bbox 708 1589 811 1661; x_wconf 80' lang='grc' dir='ltr'><strong><em>μνήμην</em></strong></span> <span class='ocrx_word' id='word_1_71' title='bbox 832 1583 921 1651; x_wconf 78' lang='grc' dir='ltr'><strong><em>αὗτοῖς</em></strong></span> <span class='ocrx_word' id='word_1_72' title='bbox 941 1593 1170 1666; x_wconf 85' lang='grc' dir='ltr'><strong><em>προςφερδμενον,</em></strong></span> <span class='ocrx_word' id='word_1_73' title='bbox 1198 1583 1255 1647; x_wconf 79' lang='grc' dir='ltr'><strong><em>οἷον</em></strong></span> <span class='ocrx_word' id='word_1_74' title='bbox 1274 1592 1301 1646; x_wconf 79' lang='grc' dir='ltr'><strong><em>εί</em></strong></span> <span class='ocrx_word' id='word_1_75' title='bbox 1319 1612 1358 1654; x_wconf 86' lang='grc' dir='ltr'><strong><em>τις</em></strong></span> <span class='ocrx_word' id='word_1_76' title='bbox 1378 1588 1459 1646; x_wconf 77' lang='grc' dir='ltr'><strong><em>αὐτὸν</em></strong></span> 
     </span>
     <span class='ocr_line' id='line_1_10' title="bbox 376 1688 1460 1763; baseline -0.004 -14"><span class='ocrx_word' id='word_1_77' title='bbox 376 1692 482 1749; x_wconf 84' lang='grc' dir='ltr'><strong><em>τουτονί</em></strong></span> <span class='ocrx_word' id='word_1_78' title='bbox 512 1693 558 1747; x_wconf 83' lang='grc' dir='ltr'><strong><em>τὸν</em></strong></span> <span class='ocrx_word' id='word_1_79' title='bbox 586 1691 713 1762; x_wconf 81' lang='grc' dir='ltr'><strong><em>διάλογον</em></strong></span> <span class='ocrx_word' id='word_1_80' title='bbox 740 1690 868 1762; x_wconf 80' lang='grc' dir='ltr'><strong><em>ίκμαθών</em></strong></span> <span class='ocrx_word' id='word_1_81' title='bbox 894 1688 1115 1763; x_wconf 73' lang='grc' dir='ltr'><strong><em>ἀποστοματίζειν</em></strong></span> <span class='ocrx_word' id='word_1_82' title='bbox 1138 1691 1248 1757; x_wconf 85' lang='grc' dir='ltr'><strong><em>δυνατὸς</em></strong></span> <span class='ocrx_word' id='word_1_83' title='bbox 1273 1693 1311 1762; x_wconf 72' lang='grc' dir='ltr'><strong><em>εἴη</em></strong></span> <span class='ocrx_word' id='word_1_84' title='bbox 1324 1735 1331 1759; x_wconf 96' lang='grc'><strong><em>,</em></strong></span> <span class='ocrx_word' id='word_1_85' title='bbox 1363 1693 1409 1761; x_wconf 89' lang='grc' dir='ltr'><strong><em>τήν</em></strong></span> <span class='ocrx_word' id='word_1_86' title='bbox 1432 1694 1460 1746; x_wconf 80' lang='grc' dir='ltr'><strong><em>ἐν</em></strong></span> 
     </span>
     <span class='ocr_line' id='line_1_11' title="bbox 377 1785 1460 1869; baseline -0.004 -20"><span class='ocrx_word' id='word_1_87' title='bbox 377 1791 451 1865; x_wconf 80' lang='grc' dir='ltr'><strong><em>αι’·τῷ</em></strong></span> <span class='ocrx_word' id='word_1_88' title='bbox 477 1793 655 1868; x_wconf 77' lang='grc' dir='ltr'><strong><em>κεκρυμμένην</em></strong></span> <span class='ocrx_word' id='word_1_89' title='bbox 680 1790 800 1846; x_wconf 89' lang='grc' dir='ltr'><strong><em>διάνοιαν</em></strong></span> <span class='ocrx_word' id='word_1_90' title='bbox 826 1788 939 1864; x_wconf 86' lang='grc' dir='ltr'><strong><em>ἀγνοῶν.</em></strong></span> <span class='ocrx_word' id='word_1_91' title='bbox 983 1787 1099 1866; x_wconf 77' lang='grc' dir='ltr'><strong><em>ήγοδμαι</em></strong></span> <span class='ocrx_word' id='word_1_92' title='bbox 1120 1793 1148 1848; x_wconf 90' lang='grc' dir='ltr'><strong><em>δέ</em></strong></span> <span class='ocrx_word' id='word_1_93' title='bbox 1172 1793 1256 1869; x_wconf 75' lang='grc' dir='ltr'><strong><em>ἔγωγε</em></strong></span> <span class='ocrx_word' id='word_1_94' title='bbox 1274 1785 1338 1866; x_wconf 70' lang='grc' dir='ltr'><strong><em>μήτ’</em></strong></span> <span class='ocrx_word' id='word_1_95' title='bbox 1362 1786 1396 1849; x_wconf 79' lang='grc' dir='ltr'><strong><em>ἀν</em></strong></span> <span class='ocrx_word' id='word_1_96' title='bbox 1414 1793 1460 1862; x_wconf 86' lang='grc' dir='ltr'><strong><em>τήν</em></strong></span> 
     </span>
     <span class='ocr_line' id='line_1_12' title="bbox 377 1885 1459 1972; baseline 0.001 -24"><span class='ocrx_word' id='word_1_97' title='bbox 377 1896 453 1956; x_wconf 83' lang='grc' dir='ltr'><strong><em>τάξιν</em></strong></span> <span class='ocrx_word' id='word_1_98' title='bbox 473 1896 525 1948; x_wconf 87' lang='grc' dir='ltr'><strong><em>τῶν</em></strong></span> <span class='ocrx_word' id='word_1_99' title='bbox 544 1895 709 1968; x_wconf 73' lang='grc' dir='ltr'><strong><em>πραγμάτων</em></strong></span> <span class='ocrx_word' id='word_1_100' title='bbox 736 1885 801 1964; x_wconf 75' lang='grc' dir='ltr'><strong><em>μήτ’</em></strong></span> <span class='ocrx_word' id='word_1_101' title='bbox 826 1887 860 1948; x_wconf 79' lang='grc' dir='ltr'><strong><em>ἀν</em></strong></span> <span class='ocrx_word' id='word_1_102' title='bbox 884 1897 915 1948; x_wconf 91' lang='grc' dir='ltr'>τὸ</span> <span class='ocrx_word' id='word_1_103' title='bbox 936 1898 1062 1964; x_wconf 81' lang='grc' dir='ltr'><strong><em>καθῆκον</em></strong></span> <span class='ocrx_word' id='word_1_104' title='bbox 1084 1898 1139 1960; x_wconf 84' lang='grc' dir='ltr'><strong><em>τοῖς</em></strong></span> <span class='ocrx_word' id='word_1_105' title='bbox 1158 1895 1285 1972; x_wconf 87' lang='grc' dir='ltr'><strong><em>ἀνδράσιν</em></strong></span> <span class='ocrx_word' id='word_1_106' title='bbox 1308 1887 1376 1950; x_wconf 77' lang='grc' dir='ltr'><strong><em>οὕτω</em></strong></span> <span class='ocrx_word' id='word_1_107' title='bbox 1398 1893 1459 1950; x_wconf 87' lang='grc' dir='ltr'><strong><em>δια-</em></strong></span> 
     </span>
     <span class='ocr_line' id='line_1_13' title="bbox 377 1992 1460 2073; baseline -0.001 -24"><span class='ocrx_word' id='word_1_108' title='bbox 377 1993 527 2050; x_wconf 87' lang='grc' dir='ltr'><strong><em>σώσασθαι</em></strong></span> <span class='ocrx_word' id='word_1_109' title='bbox 559 1992 647 2068; x_wconf 55' lang='grc' dir='ltr'><strong><em>έπίί)</em></strong></span> <span class='ocrx_word' id='word_1_110' title='bbox 678 1998 723 2065; x_wconf 79' lang='grc' dir='ltr'><strong><em>τῆς</em></strong></span> <span class='ocrx_word' id='word_1_111' title='bbox 743 1996 895 2070; x_wconf 87' lang='grc' dir='ltr'><strong><em>πρεποίσης</em></strong></span> <span class='ocrx_word' id='word_1_112' title='bbox 915 1996 1063 2060; x_wconf 80' lang='grc' dir='ltr'><strong><em>διαθέσεως</em></strong></span> <span class='ocrx_word' id='word_1_113' title='bbox 1095 2001 1141 2053; x_wconf 83' lang='grc' dir='ltr'><strong><em>τὸν</em></strong></span> <span class='ocrx_word' id='word_1_114' title='bbox 1168 1997 1316 2073; x_wconf 77' lang='grc' dir='ltr'><strong><em>ἀγνοοῦντα</em></strong></span> <span class='ocrx_word' id='word_1_115' title='bbox 1340 1995 1387 2065; x_wconf 86' lang='grc' dir='ltr'><strong><em>τήν</em></strong></span> <span class='ocrx_word' id='word_1_116' title='bbox 1407 1997 1460 2051; x_wconf 79' lang='grc' dir='ltr'><strong><em>τῶν</em></strong></span> 
     </span>
     <span class='ocr_line' id='line_1_14' title="bbox 377 2095 1460 2175; baseline -0.001 -23"><span class='ocrx_word' id='word_1_117' title='bbox 377 2097 466 2168; x_wconf 74' lang='grc' dir='ltr'><strong><em>λόγων</em></strong></span> <span class='ocrx_word' id='word_1_118' title='bbox 488 2095 631 2166; x_wconf 76' lang='grc' dir='ltr'><strong><em>βαθύτητα</em></strong></span> <span class='ocrx_word' id='word_1_119' title='bbox 657 2095 703 2150; x_wconf 85' lang='grc' dir='ltr'><strong><em>καί</em></strong></span> <span class='ocrx_word' id='word_1_120' title='bbox 729 2097 790 2160; x_wconf 83' lang='grc' dir='ltr'><strong><em>τούς</em></strong></span> <span class='ocrx_word' id='word_1_121' title='bbox 814 2099 930 2161; x_wconf 77' lang='grc' dir='ltr'><strong><em>σκοποὺς</em></strong></span> <span class='ocrx_word' id='word_1_122' title='bbox 951 2101 1003 2152; x_wconf 84' lang='grc' dir='ltr'><strong><em>τῶν</em></strong></span> <span class='ocrx_word' id='word_1_123' title='bbox 1025 2118 1052 2152; x_wconf 89' lang='grc' dir='ltr'><strong><em>τε</em></strong></span> <span class='ocrx_word' id='word_1_124' title='bbox 1072 2099 1221 2175; x_wconf 68' lang='grc' dir='ltr'><strong><em>ἐρωτήσεων</em></strong></span> <span class='ocrx_word' id='word_1_125' title='bbox 1243 2097 1289 2154; x_wconf 88' lang='grc' dir='ltr'><strong><em>καί</em></strong></span> <span class='ocrx_word' id='word_1_126' title='bbox 1308 2100 1361 2152; x_wconf 86' lang='grc' dir='ltr'><strong><em>τών</em></strong></span> <span class='ocrx_word' id='word_1_127' title='bbox 1388 2095 1460 2152; x_wconf 85' lang='grc' dir='ltr'><strong><em>ἀπο-</em></strong></span> 
     </span>
     <span class='ocr_line' id='line_1_15' title="bbox 377 2194 1459 2274; baseline 0.001 -24"><span class='ocrx_word' id='word_1_128' title='bbox 377 2197 502 2270; x_wconf 87' lang='grc' dir='ltr'><strong><em>κρίσεων·</em></strong></span> <span class='ocrx_word' id='word_1_129' title='bbox 523 2194 699 2269; x_wconf 75' lang='grc' dir='ltr'><strong><em>παγχάλεπον</em></strong></span> <span class='ocrx_word' id='word_1_130' title='bbox 716 2200 771 2273; x_wconf 84' lang='grc' dir='ltr'><strong><em>γάρ</em></strong></span> <span class='ocrx_word' id='word_1_131' title='bbox 790 2201 861 2272; x_wconf 78' lang='grc' dir='ltr'><strong><em>λόγῳ</em></strong></span> <span class='ocrx_word' id='word_1_132' title='bbox 880 2201 1027 2270; x_wconf 76' lang='grc' dir='ltr'><strong><em>μιμεῖσθαι</em></strong></span> <span class='ocrx_word' id='word_1_133' title='bbox 1046 2201 1107 2264; x_wconf 82' lang='grc' dir='ltr'><strong><em>τούς</em></strong></span> <span class='ocrx_word' id='word_1_134' title='bbox 1127 2204 1223 2274; x_wconf 81' lang='grc' dir='ltr'><strong><em>λόγους</em></strong></span> <span class='ocrx_word' id='word_1_135' title='bbox 1243 2204 1295 2255; x_wconf 85' lang='grc' dir='ltr'><strong><em>τῶν</em></strong></span> <span class='ocrx_word' id='word_1_136' title='bbox 1315 2197 1459 2269; x_wconf 71' lang='grc' dir='ltr'><strong><em>ἐπιστημό-</em></strong></span> 
     </span>
     <span class='ocr_line' id='line_1_16' title="bbox 378 2289 1504 2378; baseline 0.003 -28"><span class='ocrx_word' id='word_1_137' title='bbox 378 2316 447 2359; x_wconf 85' lang='grc' dir='ltr'><strong><em>νων,</em></strong></span> <span class='ocrx_word' id='word_1_138' title='bbox 477 2295 512 2360; x_wconf 89' lang='grc' dir='ltr'><strong><em>ώς</em></strong></span> <span class='ocrx_word' id='word_1_139' title='bbox 529 2296 575 2351; x_wconf 85' lang='grc' dir='ltr'><strong><em>καί</em></strong></span> <span class='ocrx_word' id='word_1_140' title='bbox 595 2297 611 2352; x_wconf 92' lang='lat'><strong><em>6</em></strong></span> <span class='ocrx_word' id='word_1_141' title='bbox 634 2301 746 2372; x_wconf 79' lang='grc' dir='ltr'><strong><em>Τίμαιος</em></strong></span> <span class='ocrx_word' id='word_1_142' title='bbox 766 2296 835 2372; x_wconf 75' lang='grc' dir='ltr'><strong><em>ἡμεῖς</em></strong></span> <span class='ocrx_word' id='word_1_143' title='bbox 862 2299 981 2361; x_wconf 55' lang='lat' dir='ltr'><strong><em>image·</em></strong></span> <span class='ocrx_word' id='word_1_144' title='bbox 1016 2300 1063 2356; x_wconf 85' lang='grc' dir='ltr'><strong><em>καί</em></strong></span> <span class='ocrx_word' id='word_1_145' title='bbox 1086 2304 1140 2378; x_wconf 83' lang='grc' dir='ltr'><strong><em>γάρ</em></strong></span> <span class='ocrx_word' id='word_1_146' title='bbox 1161 2302 1212 2361; x_wconf 71' lang='grc' dir='ltr'><strong><em>ἔδει</em></strong></span> <span class='ocrx_word' id='word_1_147' title='bbox 1234 2305 1290 2365; x_wconf 81' lang='grc' dir='ltr'><strong><em>τοῖς</em></strong></span> <span class='ocrx_word' id='word_1_148' title='bbox 1310 2289 1504 2375; x_wconf 58' lang='grc' dir='ltr'><strong><em>μιμησομίέὸὄ</em></strong></span> 
     </span>
     <span class='ocr_line' id='line_1_17' title="bbox 378 2398 1459 2479; baseline 0.006 -31"><span class='ocrx_word' id='word_1_149' title='bbox 378 2414 435 2461; x_wconf 86' lang='grc' dir='ltr'><strong><em>νοις</em></strong></span> <span class='ocrx_word' id='word_1_150' title='bbox 454 2401 498 2467; x_wconf 78' lang='grc' dir='ltr'><strong><em>τῆς</em></strong></span> <span class='ocrx_word' id='word_1_151' title='bbox 518 2398 612 2470; x_wconf 82' lang='grc' dir='ltr'><strong><em>ὁμοίας</em></strong></span> <span class='ocrx_word' id='word_1_152' title='bbox 631 2401 738 2466; x_wconf 69' lang='grc' dir='ltr'><strong><em>ἐκείνοις</em></strong></span> <span class='ocrx_word' id='word_1_153' title='bbox 757 2399 863 2475; x_wconf 73' lang='grc' dir='ltr'><strong><em>ἀρετῆς,</em></strong></span> <span class='ocrx_word' id='word_1_154' title='bbox 886 2402 930 2456; x_wconf 77' lang='grc' dir='ltr'><strong><em>ἵνα</em></strong></span> <span class='ocrx_word' id='word_1_155' title='bbox 953 2406 1041 2457; x_wconf 82' lang='grc' dir='ltr'><strong><em>καλῶν</em></strong></span> <span class='ocrx_word' id='word_1_156' title='bbox 1063 2407 1167 2466; x_wconf 77' lang='grc' dir='ltr'><strong><em>ἐπάξιοι</em></strong></span> <span class='ocrx_word' id='word_1_157' title='bbox 1191 2406 1318 2479; x_wconf 80' lang='grc' dir='ltr'><strong><em>γένωνται</em></strong></span> <span class='ocrx_word' id='word_1_158' title='bbox 1340 2404 1393 2456; x_wconf 80' lang='grc' dir='ltr'><strong><em>τῶν</em></strong></span> <span class='ocrx_word' id='word_1_159' title='bbox 1413 2401 1459 2455; x_wconf 80' lang='grc' dir='ltr'><strong><em>λό’·</em></strong></span> 
     </span>
     <span class='ocr_line' id='line_1_18' title="bbox 376 2489 1460 2578; baseline 0.003 -25"><span class='ocrx_word' id='word_1_160' title='bbox 376 2518 435 2575; x_wconf 86' lang='grc' dir='ltr'><strong><em>γων</em></strong></span> <span class='ocrx_word' id='word_1_161' title='bbox 452 2501 571 2573; x_wconf 86' lang='grc' dir='ltr'><strong><em>μιμηταί.</em></strong></span> <span class='ocrx_word' id='word_1_162' title='bbox 615 2505 691 2557; x_wconf 76' lang='grc' dir='ltr'><strong><em>τοῦτο</em></strong></span> <span class='ocrx_word' id='word_1_163' title='bbox 706 2503 755 2573; x_wconf 89' lang='grc' dir='ltr'><strong><em>μέν</em></strong></span> <span class='ocrx_word' id='word_1_164' title='bbox 773 2489 821 2555; x_wconf 77' lang='grc' dir='ltr'><strong><em>οἷνν</em></strong></span> <span class='ocrx_word' id='word_1_165' title='bbox 839 2499 870 2557; x_wconf 80' lang='grc' dir='ltr'><strong><em>οὗ</em></strong></span> <span class='ocrx_word' id='word_1_166' title='bbox 884 2499 912 2578; x_wconf 72' lang='grc'><strong><em>’)</em></strong></span> <span class='ocrx_word' id='word_1_167' title='bbox 933 2502 1027 2572; x_wconf 86' lang='grc' dir='ltr'><strong><em>δέομαι</em></strong></span> <span class='ocrx_word' id='word_1_168' title='bbox 1046 2507 1257 2571; x_wconf 80' lang='grc' dir='ltr'><strong><em>κατασκευάζειν,</em></strong></span> <span class='ocrx_word' id='word_1_169' title='bbox 1279 2506 1325 2558; x_wconf 78' lang='grc' dir='ltr'><strong><em>τοῦ</em></strong></span> <span class='ocrx_word' id='word_1_170' title='bbox 1346 2504 1460 2559; x_wconf 77' lang='grc' dir='ltr'><strong><em>Πλάτω-</em></strong></span> 
     </span>
     <span class='ocr_line' id='line_1_19' title="bbox 376 2602 1456 2678; baseline -0.003 -19"><span class='ocrx_word' id='word_1_171' title='bbox 376 2622 423 2667; x_wconf 92' lang='grc' dir='ltr'><strong><em>νος</em></strong></span> <span class='ocrx_word' id='word_1_172' title='bbox 457 2607 578 2659; x_wconf 82' lang='grc' dir='ltr'><strong><em>τοιοῐπον</em></strong></span> <span class='ocrx_word' id='word_1_173' title='bbox 608 2606 707 2657; x_wconf 88' lang='grc' dir='ltr'><strong><em>κανάνα</em></strong></span> <span class='ocrx_word' id='word_1_174' title='bbox 744 2602 953 2678; x_wconf 75' lang='grc' dir='ltr'><strong><em>παρασχομένου</em></strong></span> <span class='ocrx_word' id='word_1_175' title='bbox 980 2604 1035 2666; x_wconf 79' lang='grc' dir='ltr'><strong><em>τοῖς</em></strong></span> <span class='ocrx_word' id='word_1_176' title='bbox 1063 2604 1097 2657; x_wconf 85' lang='grc' dir='ltr'><strong><em>τά</em></strong></span> <span class='ocrx_word' id='word_1_177' title='bbox 1117 2610 1227 2661; x_wconf 77' lang='grc' dir='ltr'><strong><em>τοιαῦτα</em></strong></span> <span class='ocrx_word' id='word_1_178' title='bbox 1256 2605 1456 2675; x_wconf 75' lang='grc' dir='ltr'><strong><em>βασανίζουσιν,</em></strong></span> 
     </span>
     <span class='ocr_line' id='line_1_20' title="bbox 377 2694 1458 2777; baseline -0.001 -19"><span class='ocrx_word' id='word_1_179' title='bbox 377 2694 443 2758; x_wconf 73' lang='grc' dir='ltr'><strong><em>ἀλλ’</em></strong></span> <span class='ocrx_word' id='word_1_180' title='bbox 475 2702 524 2764; x_wconf 74' lang='grc' dir='ltr'><strong><em>έξει</em></strong></span> <span class='ocrx_word' id='word_1_181' title='bbox 550 2704 661 2776; x_wconf 84' lang='grc' dir='ltr'><strong><em>πρώτως</em></strong></span> <span class='ocrx_word' id='word_1_182' title='bbox 688 2704 736 2774; x_wconf 87' lang='grc' dir='ltr'><strong><em>μέν</em></strong></span> <span class='ocrx_word' id='word_1_183' title='bbox 763 2705 810 2771; x_wconf 91' lang='grc' dir='ltr'><strong><em>τήν</em></strong></span> <span class='ocrx_word' id='word_1_184' title='bbox 834 2705 886 2756; x_wconf 88' lang='grc' dir='ltr'><strong><em>τών</em></strong></span> <span class='ocrx_word' id='word_1_185' title='bbox 915 2703 1061 2775; x_wconf 79' lang='grc' dir='ltr'><strong><em>λεγομένων</em></strong></span> <span class='ocrx_word' id='word_1_186' title='bbox 1081 2704 1259 2775; x_wconf 82' lang='grc' dir='ltr'><strong><em>έπιστήμηνδ</em></strong></span> <span class='ocrx_word' id='word_1_187' title='bbox 1283 2701 1458 2777; x_wconf 74' lang='grc' dir='ltr'><strong><em>Παρμενίδης,</em></strong></span> 
     </span>
    </p>
   </div>
   <div class='ocr_carea' id='block_1_4' title="bbox 376 2788 1458 2879">
    <p class='ocr_par' dir='ltr' id='par_1_5' title="bbox 376 2788 1458 2879">
     <span class='ocr_line' id='line_1_21' title="bbox 376 2788 1458 2879; baseline 0 -23"><span class='ocrx_word' id='word_1_188' title='bbox 376 2803 506 2876; x_wconf 80' lang='grc' dir='ltr'><strong><em>δευτέρως</em></strong></span> <span class='ocrx_word' id='word_1_189' title='bbox 526 2802 553 2855; x_wconf 83' lang='grc' dir='ltr'><strong><em>δὲ</em></strong></span> <span class='ocrx_word' id='word_1_190' title='bbox 574 2802 588 2854; x_wconf 97' lang='lat'><strong><em>6</em></strong></span> <span class='ocrx_word' id='word_1_191' title='bbox 612 2803 714 2869; x_wconf 82' lang='grc' dir='ltr'><strong><em>Ζήνων,</em></strong></span> <span class='ocrx_word' id='word_1_192' title='bbox 745 2804 814 2857; x_wconf 86' lang='grc' dir='ltr'><strong><em>κατά</em></strong></span> <span class='ocrx_word' id='word_1_193' title='bbox 836 2802 865 2857; x_wconf 86' lang='grc' dir='ltr'><strong><em>δέ</em></strong></span> <span class='ocrx_word' id='word_1_194' title='bbox 889 2802 978 2876; x_wconf 85' lang='grc' dir='ltr'><strong><em>τρίτην</em></strong></span> <span class='ocrx_word' id='word_1_195' title='bbox 997 2805 1070 2864; x_wconf 82' lang='grc' dir='ltr'><strong><em>τάξιν</em></strong></span> <span class='ocrx_word' id='word_1_196' title='bbox 1089 2805 1104 2858; x_wconf 99' lang='lat'><strong><em>6</em></strong></span> <span class='ocrx_word' id='word_1_197' title='bbox 1124 2807 1280 2879; x_wconf 80' lang='grc' dir='ltr'><strong><em>Σωκράτης·</em></strong></span> <span class='ocrx_word' id='word_1_198' title='bbox 1305 2788 1380 2867; x_wconf 73' lang='grc' dir='ltr'><strong><em>οὗτος</em></strong></span> <span class='ocrx_word' id='word_1_199' title='bbox 1404 2805 1458 2877; x_wconf 83' lang='grc' dir='ltr'><strong><em>γάρ</em></strong></span> 
     </span>
    </p>
   </div>
   <div class='ocr_carea' id='block_1_5' title="bbox 375 2887 1460 2981">
    <p class='ocr_par' dir='ltr' id='par_1_6' title="bbox 375 2887 1460 2981">
     <span class='ocr_line' id='line_1_22' title="bbox 375 2887 1460 2981; baseline 0 -21"><span class='ocrx_word' id='word_1_200' title='bbox 375 2901 472 2966; x_wconf 80' lang='grc' dir='ltr'><strong><em>αὐτοῖς</em></strong></span> <span class='ocrx_word' id='word_1_201' title='bbox 491 2903 537 2958; x_wconf 83' lang='grc' dir='ltr'><strong><em>καί</em></strong></span> <span class='ocrx_word' id='word_1_202' title='bbox 557 2904 739 2960; x_wconf 82' lang='grc' dir='ltr'><strong><em>συνδιαπλέκει</em></strong></span> <span class='ocrx_word' id='word_1_203' title='bbox 757 2904 818 2969; x_wconf 85' lang='grc' dir='ltr'><strong><em>τοίς</em></strong></span> <span class='ocrx_word' id='word_1_204' title='bbox 835 2907 949 2978; x_wconf 79' lang='grc' dir='ltr'><strong><em>λόγους·</em></strong></span> <span class='ocrx_word' id='word_1_205' title='bbox 980 2905 1103 2978; x_wconf 82' lang='grc' dir='ltr'><strong><em>τετάρτην</em></strong></span> <span class='ocrx_word' id='word_1_206' title='bbox 1121 2905 1149 2959; x_wconf 84' lang='grc' dir='ltr'><strong><em>δέ</em></strong></span> <span class='ocrx_word' id='word_1_207' title='bbox 1170 2904 1184 2959; x_wconf 94' lang='lat'><strong><em>6</em></strong></span> <span class='ocrx_word' id='word_1_208' title='bbox 1205 2905 1389 2981; x_wconf 84' lang='grc' dir='ltr'><strong><em>Πυθόδωρος·</em></strong></span> <span class='ocrx_word' id='word_1_209' title='bbox 1411 2887 1460 2960; x_wconf 81' lang='lat'><strong><em>06-</em></strong></span> 
     </span>
    </p>
   </div>
   <div class='ocr_carea' id='block_1_6' title="bbox 374 2998 1535 4207">
    <p class='ocr_par' dir='ltr' id='par_1_7' title="bbox 374 2998 1535 4207">
     <span class='ocr_line' id='line_1_23' title="bbox 374 2998 1461 3081; baseline 0 -19"><span class='ocrx_word' id='word_1_210' title='bbox 374 3027 425 3069; x_wconf 85' lang='grc' dir='ltr'><strong><em>τος</em></strong></span> <span class='ocrx_word' id='word_1_211' title='bbox 444 3006 499 3080; x_wconf 84' lang='grc' dir='ltr'><strong><em>γάρ</em></strong></span> <span class='ocrx_word' id='word_1_212' title='bbox 521 3006 567 3060; x_wconf 91' lang='grc' dir='ltr'><strong><em>καί</em></strong></span> <span class='ocrx_word' id='word_1_213' title='bbox 586 3003 672 3062; x_wconf 80' lang='grc' dir='ltr'><strong><em>αδτῶν</em></strong></span> <span class='ocrx_word' id='word_1_214' title='bbox 691 3005 808 3072; x_wconf 76' lang='grc' dir='ltr'><strong><em>ἐκείνων,</em></strong></span> <span class='ocrx_word' id='word_1_215' title='bbox 837 3009 956 3076; x_wconf 87' lang='grc' dir='ltr'><strong><em>Ζήνωνος</em></strong></span> <span class='ocrx_word' id='word_1_216' title='bbox 979 2998 1016 3060; x_wconf 86' lang='grc' dir='ltr'><strong><em>ών</em></strong></span> <span class='ocrx_word' id='word_1_217' title='bbox 1036 3007 1174 3078; x_wconf 86' lang='grc' dir='ltr'><strong><em>μαθητής,</em></strong></span> <span class='ocrx_word' id='word_1_218' title='bbox 1204 3005 1318 3077; x_wconf 84' lang='grc' dir='ltr'><strong><em>ἀκήκοε·</em></strong></span> <span class='ocrx_word' id='word_1_219' title='bbox 1338 3009 1461 3081; x_wconf 81' lang='grc' dir='ltr'><strong><em>πέμπτην</em></strong></span> 
     </span>
     <span class='ocr_line' id='line_1_24' title="bbox 376 3104 1459 3187; baseline 0.001 -22"><span class='ocrx_word' id='word_1_220' title='bbox 376 3108 445 3165; x_wconf 79' lang='grc' dir='ltr'><strong><em>δέὸ</em></strong></span> <span class='ocrx_word' id='word_1_221' title='bbox 464 3104 607 3180; x_wconf 74' lang='grc' dir='ltr'><strong><em>Ἀντιφῶν,</em></strong></span> <span class='ocrx_word' id='word_1_222' title='bbox 628 3109 643 3164; x_wconf 96' lang='lat'><strong><em>6</em></strong></span> <span class='ocrx_word' id='word_1_223' title='bbox 662 3111 740 3185; x_wconf 83' lang='grc' dir='ltr'><strong><em>παρά</em></strong></span> <span class='ocrx_word' id='word_1_224' title='bbox 758 3114 805 3165; x_wconf 80' lang='grc' dir='ltr'><strong><em>τοῦ</em></strong></span> <span class='ocrx_word' id='word_1_225' title='bbox 826 3110 1001 3187; x_wconf 77' lang='grc' dir='ltr'><strong><em>Πυθοδώρου</em></strong></span> <span class='ocrx_word' id='word_1_226' title='bbox 1021 3112 1067 3166; x_wconf 86' lang='grc' dir='ltr'><strong><em>τίν</em></strong></span> <span class='ocrx_word' id='word_1_227' title='bbox 1088 3113 1169 3184; x_wconf 81' lang='grc' dir='ltr'><strong><em>λόγον</em></strong></span> <span class='ocrx_word' id='word_1_228' title='bbox 1189 3111 1407 3187; x_wconf 81' lang='grc' dir='ltr'><strong><em>παραδεξάμενος</em></strong></span> <span class='ocrx_word' id='word_1_229' title='bbox 1420 3109 1459 3182; x_wconf 83' lang='lat'><strong><em>⁵),</em></strong></span> 
     </span>
     <span class='ocr_line' id='line_1_25' title="bbox 378 3208 1457 3291; baseline -0.003 -20"><span class='ocrx_word' id='word_1_230' title='bbox 378 3211 410 3276; x_wconf 75' lang='grc' dir='ltr'><strong><em>ὃς</em></strong></span> <span class='ocrx_word' id='word_1_231' title='bbox 427 3216 563 3288; x_wconf 78' lang='grc' dir='ltr'><strong><em>προςεγῶς</em></strong></span> <span class='ocrx_word' id='word_1_232' title='bbox 585 3211 640 3268; x_wconf 85' lang='grc' dir='ltr'><strong><em>ἀπὸ</em></strong></span> <span class='ocrx_word' id='word_1_233' title='bbox 660 3216 712 3267; x_wconf 86' lang='grc' dir='ltr'><strong><em>τῶν</em></strong></span> <span class='ocrx_word' id='word_1_234' title='bbox 734 3210 838 3289; x_wconf 83' lang='grc' dir='ltr'><strong><em>ἀνδρῶν</em></strong></span> <span class='ocrx_word' id='word_1_235' title='bbox 859 3213 1000 3276; x_wconf 77' lang='grc' dir='ltr'><strong><em>ὑπεδέξατο</em></strong></span> <span class='ocrx_word' id='word_1_236' title='bbox 1020 3213 1081 3276; x_wconf 86' lang='grc' dir='ltr'><strong><em>τοδς</em></strong></span> <span class='ocrx_word' id='word_1_237' title='bbox 1098 3209 1280 3286; x_wconf 82' lang='grc' dir='ltr'><strong><em>εἶρησομένους</em></strong></span> <span class='ocrx_word' id='word_1_238' title='bbox 1293 3208 1323 3291; x_wconf 71' lang='lat'><strong><em>⁸)</em></strong></span> <span class='ocrx_word' id='word_1_239' title='bbox 1352 3215 1457 3287; x_wconf 82' lang='grc' dir='ltr'><strong><em>λόγους,</em></strong></span> 
     </span>
     <span class='ocr_line' id='line_1_26' title="bbox 377 3307 1459 3397; baseline -0.004 -24"><span class='ocrx_word' id='word_1_240' title='bbox 377 3315 426 3373; x_wconf 85' lang='grc' dir='ltr'><strong><em>καί</em></strong></span> <span class='ocrx_word' id='word_1_241' title='bbox 448 3307 530 3379; x_wconf 77' lang='grc' dir='ltr'><strong><em>οὕτως</em></strong></span> <span class='ocrx_word' id='word_1_242' title='bbox 554 3313 623 3388; x_wconf 82' lang='grc' dir='ltr'><strong><em>ήμάς</em></strong></span> <span class='ocrx_word' id='word_1_243' title='bbox 645 3313 778 3389; x_wconf 86' lang='grc' dir='ltr'><strong><em>ἀνήγαγεν</em></strong></span> <span class='ocrx_word' id='word_1_244' title='bbox 798 3310 843 3373; x_wconf 77' lang='grc' dir='ltr'><strong><em>ἐπ’</em></strong></span> <span class='ocrx_word' id='word_1_245' title='bbox 866 3319 994 3380; x_wconf 75' lang='grc' dir='ltr'><strong><em>ἐκείνους,</em></strong></span> <span class='ocrx_word' id='word_1_246' title='bbox 1026 3310 1089 3379; x_wconf 84' lang='grc' dir='ltr'><strong><em>ώςτε</em></strong></span> <span class='ocrx_word' id='word_1_247' title='bbox 1112 3311 1200 3369; x_wconf 88' lang='grc' dir='ltr'><strong><em>αι’·τῶν</em></strong></span> <span class='ocrx_word' id='word_1_248' title='bbox 1227 3316 1330 3397; x_wconf 73' lang='grc' dir='ltr'><strong><em>ἐκείνων</em></strong></span> <span class='ocrx_word' id='word_1_249' title='bbox 1356 3313 1459 3390; x_wconf 78' lang='grc' dir='ltr'><strong><em>ἀκροᾶ-</em></strong></span> 
     </span>
     <span class='ocr_line' id='line_1_27' title="bbox 379 3412 1460 3494; baseline -0.005 -19"><span class='ocrx_word' id='word_1_250' title='bbox 379 3418 494 3494; x_wconf 62' lang='grc' dir='ltr'><strong><em>σθαιί)</em></strong></span> <span class='ocrx_word' id='word_1_251' title='bbox 521 3418 629 3484; x_wconf 81' lang='grc' dir='ltr'><strong><em>δοκεῖν,</em></strong></span> <span class='ocrx_word' id='word_1_252' title='bbox 660 3418 705 3472; x_wconf 86' lang='grc' dir='ltr'><strong><em>καί</em></strong></span> <span class='ocrx_word' id='word_1_253' title='bbox 730 3412 798 3494; x_wconf 70' lang='grc' dir='ltr'><strong><em>αὐτῇ</em></strong></span> <span class='ocrx_word' id='word_1_254' title='bbox 818 3418 1082 3492; x_wconf 61' lang='grc' dir='ltr'><strong><em>παραβεβηκέναιθ)</em></strong></span> <span class='ocrx_word' id='word_1_255' title='bbox 1111 3414 1144 3493; x_wconf 68' lang='grc' dir='ltr'><strong><em>τῇ</em></strong></span> <span class='ocrx_word' id='word_1_256' title='bbox 1167 3414 1260 3490; x_wconf 80' lang='grc' dir='ltr'><strong><em>πρώτη</em></strong></span> <span class='ocrx_word' id='word_1_257' title='bbox 1287 3414 1383 3494; x_wconf 70' lang='grc' dir='ltr'><strong><em>σκηνῇ,</em></strong></span> <span class='ocrx_word' id='word_1_258' title='bbox 1412 3414 1460 3471; x_wconf 82' lang='grc' dir='ltr'><strong><em>καί</em></strong></span> 
     </span>
     <span class='ocr_line' id='line_1_28' title="bbox 378 3513 1459 3596; baseline -0.004 -21"><span class='ocrx_word' id='word_1_259' title='bbox 378 3522 566 3592; x_wconf 78' lang='grc' dir='ltr'><strong><em>μετεσχηκέναι</em></strong></span> <span class='ocrx_word' id='word_1_260' title='bbox 588 3525 632 3589; x_wconf 82' lang='grc' dir='ltr'><strong><em>τής</em></strong></span> <span class='ocrx_word' id='word_1_261' title='bbox 651 3519 757 3594; x_wconf 86' lang='grc' dir='ltr'><strong><em>πρώτης</em></strong></span> <span class='ocrx_word' id='word_1_262' title='bbox 779 3521 980 3596; x_wconf 57' lang='grc' dir='ltr'><strong><em>συνουσίαςθή·</em></strong></span> <span class='ocrx_word' id='word_1_263' title='bbox 1002 3522 1079 3574; x_wconf 78' lang='grc' dir='ltr'><strong><em>τοῦτο</em></strong></span> <span class='ocrx_word' id='word_1_264' title='bbox 1099 3518 1127 3575; x_wconf 84' lang='grc' dir='ltr'><strong><em>δέ</em></strong></span> <span class='ocrx_word' id='word_1_265' title='bbox 1153 3513 1168 3586; x_wconf 77' lang='grc' dir='ltr'><strong><em>ἦ</em></strong></span> <span class='ocrx_word' id='word_1_266' title='bbox 1187 3519 1234 3572; x_wconf 79' lang='grc' dir='ltr'><strong><em>τοῦ</em></strong></span> <span class='ocrx_word' id='word_1_267' title='bbox 1253 3519 1396 3581; x_wconf 82' lang='grc' dir='ltr'><strong><em>Πλάτωνος</em></strong></span> <span class='ocrx_word' id='word_1_268' title='bbox 1414 3519 1459 3594; x_wconf 81' lang='grc' dir='ltr'><strong><em>έρ-</em></strong></span> 
     </span>
     <span class='ocr_line' id='line_1_29' title="bbox 378 3613 1457 3698; baseline -0.004 -20"><span class='ocrx_word' id='word_1_269' title='bbox 378 3624 489 3698; x_wconf 84' lang='grc' dir='ltr'><strong><em>γάζεται</em></strong></span> <span class='ocrx_word' id='word_1_270' title='bbox 514 3622 638 3691; x_wconf 84' lang='grc' dir='ltr'><strong><em>διασκευή</em></strong></span> <span class='ocrx_word' id='word_1_271' title='bbox 667 3623 713 3677; x_wconf 87' lang='grc' dir='ltr'><strong><em>καί</em></strong></span> <span class='ocrx_word' id='word_1_272' title='bbox 737 3619 753 3691; x_wconf 87' lang='grc' dir='ltr'><strong><em>ή</em></strong></span> <span class='ocrx_word' id='word_1_273' title='bbox 781 3626 825 3691; x_wconf 77' lang='grc' dir='ltr'><strong><em>τῆς</em></strong></span> <span class='ocrx_word' id='word_1_274' title='bbox 855 3619 1009 3685; x_wconf 76' lang='grc' dir='ltr'><strong><em>ὑποθέσεως</em></strong></span> <span class='ocrx_word' id='word_1_275' title='bbox 1034 3619 1192 3693; x_wconf 83' lang='grc' dir='ltr'><strong><em>σίκονομία,</em></strong></span> <span class='ocrx_word' id='word_1_276' title='bbox 1221 3625 1304 3694; x_wconf 84' lang='grc' dir='ltr'><strong><em>μόνον</em></strong></span> <span class='ocrx_word' id='word_1_277' title='bbox 1333 3614 1382 3686; x_wconf 77' lang='grc' dir='ltr'><strong><em>οὗγ</em></strong></span> <span class='ocrx_word' id='word_1_278' title='bbox 1407 3613 1457 3674; x_wconf 75' lang='grc' dir='ltr'><strong><em>ὑπ’</em></strong></span> 
     </span>
     <span class='ocr_line' id='line_1_30' title="bbox 380 3717 1460 3799; baseline -0.004 -19"><span class='ocrx_word' id='word_1_279' title='bbox 380 3721 538 3796; x_wconf 73' lang='grc' dir='ltr'><strong><em>ὀφθαλμοῖς</em></strong></span> <span class='ocrx_word' id='word_1_280' title='bbox 563 3720 625 3795; x_wconf 77' lang='grc' dir='ltr'><strong><em>ήμν</em></strong></span> <span class='ocrx_word' id='word_1_281' title='bbox 643 3724 838 3797; x_wconf 77' lang='grc' dir='ltr'><strong><em>ἐπιδεικνυμένη</em></strong></span> <span class='ocrx_word' id='word_1_282' title='bbox 859 3725 892 3778; x_wconf 88' lang='grc' dir='ltr'><strong><em>τά</em></strong></span> <span class='ocrx_word' id='word_1_283' title='bbox 911 3726 1078 3799; x_wconf 87' lang='grc' dir='ltr'><strong><em>πράγματα,</em></strong></span> <span class='ocrx_word' id='word_1_284' title='bbox 1098 3721 1159 3785; x_wconf 80' lang='grc' dir='ltr'><strong><em>τούς</em></strong></span> <span class='ocrx_word' id='word_1_285' title='bbox 1176 3724 1299 3799; x_wconf 79' lang='grc' dir='ltr'><strong><em>καιροὺς,</em></strong></span> <span class='ocrx_word' id='word_1_286' title='bbox 1321 3722 1355 3774; x_wconf 88' lang='grc' dir='ltr'><strong><em>τά</em></strong></span> <span class='ocrx_word' id='word_1_287' title='bbox 1375 3717 1460 3795; x_wconf 80' lang='grc' dir='ltr'><strong><em>πρός-</em></strong></span> 
     </span>
     <span class='ocr_line' id='line_1_31' title="bbox 383 3821 1460 3902; baseline -0.005 -22"><span class='ocrx_word' id='word_1_288' title='bbox 383 3845 461 3891; x_wconf 89' lang='grc' dir='ltr'><strong><em>ωπα,</em></strong></span> <span class='ocrx_word' id='word_1_289' title='bbox 481 3827 542 3889; x_wconf 80' lang='grc' dir='ltr'><strong><em>τούς</em></strong></span> <span class='ocrx_word' id='word_1_290' title='bbox 563 3829 677 3890; x_wconf 81' lang='grc' dir='ltr'><strong><em>τόπους,</em></strong></span> <span class='ocrx_word' id='word_1_291' title='bbox 700 3829 746 3890; x_wconf 84' lang='grc' dir='ltr'><strong><em>τάς</em></strong></span> <span class='ocrx_word' id='word_1_292' title='bbox 764 3826 910 3902; x_wconf 83' lang='grc' dir='ltr'><strong><em>ἐνεργείας,</em></strong></span> <span class='ocrx_word' id='word_1_293' title='bbox 932 3827 979 3889; x_wconf 84' lang='grc' dir='ltr'><strong><em>τάς</em></strong></span> <span class='ocrx_word' id='word_1_294' title='bbox 1002 3825 1151 3891; x_wconf 86' lang='grc' dir='ltr'><strong><em>διαθέσεις,</em></strong></span> <span class='ocrx_word' id='word_1_295' title='bbox 1174 3827 1234 3889; x_wconf 81' lang='grc' dir='ltr'><strong><em>τούς</em></strong></span> <span class='ocrx_word' id='word_1_296' title='bbox 1250 3828 1353 3897; x_wconf 82' lang='grc' dir='ltr'><strong><em>λάγους.</em></strong></span> <span class='ocrx_word' id='word_1_297' title='bbox 1386 3821 1460 3877; x_wconf 78' lang='grc' dir='ltr'><strong><em>δοκεῖ</em></strong></span> 
     </span>
     <span class='ocr_line' id='line_1_32' title="bbox 381 3921 1459 4001; baseline -0.004 -19"><span class='ocrx_word' id='word_1_298' title='bbox 381 3927 414 3982; x_wconf 79' lang='grc' dir='ltr'><strong><em>δι’</em></strong></span> <span class='ocrx_word' id='word_1_299' title='bbox 436 3948 483 4001; x_wconf 90' lang='grc' dir='ltr'><strong><em>μοι</em></strong></span> <span class='ocrx_word' id='word_1_300' title='bbox 508 3927 554 3982; x_wconf 89' lang='grc' dir='ltr'><strong><em>καί</em></strong></span> <span class='ocrx_word' id='word_1_301' title='bbox 573 3925 588 3997; x_wconf 87' lang='grc' dir='ltr'><strong><em>ή</em></strong></span> <span class='ocrx_word' id='word_1_302' title='bbox 610 3932 662 3984; x_wconf 85' lang='grc' dir='ltr'><strong><em>τών</em></strong></span> <span class='ocrx_word' id='word_1_303' title='bbox 688 3927 837 4000; x_wconf 87' lang='grc' dir='ltr'><strong><em>προςώπων</em></strong></span> <span class='ocrx_word' id='word_1_304' title='bbox 858 3929 965 3982; x_wconf 86' lang='grc' dir='ltr'><strong><em>πάντων</em></strong></span> <span class='ocrx_word' id='word_1_305' title='bbox 990 3921 1037 3998; x_wconf 79' lang='grc' dir='ltr'><strong><em>ἔφ’</em></strong></span> <span class='ocrx_word' id='word_1_306' title='bbox 1059 3927 1104 3983; x_wconf 74' lang='grc' dir='ltr'><strong><em>ἕνα</em></strong></span> <span class='ocrx_word' id='word_1_307' title='bbox 1130 3931 1177 3983; x_wconf 85' lang='grc' dir='ltr'><strong><em>τὸν</em></strong></span> <span class='ocrx_word' id='word_1_308' title='bbox 1199 3926 1370 4001; x_wconf 89' lang='grc' dir='ltr'><strong><em>Παρμενίδην</em></strong></span> <span class='ocrx_word' id='word_1_309' title='bbox 1391 3921 1459 3979; x_wconf 87' lang='grc' dir='ltr'><strong><em>ἀνα-</em></strong></span> 
     </span>
     <span class='ocr_line' id='line_1_33' title="bbox 380 4025 1461 4105; baseline -0.006 -20"><span class='ocrx_word' id='word_1_310' title='bbox 380 4030 458 4104; x_wconf 80' lang='grc' dir='ltr'><strong><em>γωγή</em></strong></span> <span class='ocrx_word' id='word_1_311' title='bbox 474 4033 573 4100; x_wconf 78' lang='grc' dir='ltr'><strong><em>πολλήν</em></strong></span> <span class='ocrx_word' id='word_1_312' title='bbox 591 4032 777 4088; x_wconf 76' lang='grc' dir='ltr'><strong><em>ἐνδείκνυσθαι</em></strong></span> <span class='ocrx_word' id='word_1_313' title='bbox 798 4033 850 4086; x_wconf 84' lang='grc' dir='ltr'><strong><em>τῶν</em></strong></span> <span class='ocrx_word' id='word_1_314' title='bbox 875 4034 1041 4105; x_wconf 88' lang='grc' dir='ltr'><strong><em>πραγμάτων</em></strong></span> <span class='ocrx_word' id='word_1_315' title='bbox 1066 4028 1209 4099; x_wconf 80' lang='grc' dir='ltr'><strong><em>ἀλήθειαν·</em></strong></span> <span class='ocrx_word' id='word_1_316' title='bbox 1238 4029 1325 4082; x_wconf 87' lang='grc' dir='ltr'><strong><em>πάντα</em></strong></span> <span class='ocrx_word' id='word_1_317' title='bbox 1351 4027 1405 4101; x_wconf 86' lang='grc' dir='ltr'><strong><em>γάρ</em></strong></span> <span class='ocrx_word' id='word_1_318' title='bbox 1425 4025 1461 4079; x_wconf 86' lang='grc' dir='ltr'><strong><em>τά</em></strong></span> 
     </span>
     <span class='ocr_line' id='line_1_34' title="bbox 382 4122 1535 4207; baseline -0.006 -21"><span class='ocrx_word' id='word_1_319' title='bbox 382 4132 478 4200; x_wconf 82' lang='grc' dir='ltr'><strong><em>πλήθη</em></strong></span> <span class='ocrx_word' id='word_1_320' title='bbox 497 4135 549 4188; x_wconf 85' lang='grc' dir='ltr'><strong><em>τῶν</em></strong></span> <span class='ocrx_word' id='word_1_321' title='bbox 569 4133 651 4189; x_wconf 80' lang='grc' dir='ltr'><strong><em>ὄντων</em></strong></span> <span class='ocrx_word' id='word_1_322' title='bbox 670 4132 716 4188; x_wconf 80' lang='grc' dir='ltr'><strong><em>καί</em></strong></span> <span class='ocrx_word' id='word_1_323' title='bbox 734 4133 821 4188; x_wconf 79' lang='grc' dir='ltr'><strong><em>πᾶσαι</em></strong></span> <span class='ocrx_word' id='word_1_324' title='bbox 840 4135 925 4196; x_wconf 84' lang='grc' dir='ltr'><strong><em>τάξεις</em></strong></span> <span class='ocrx_word' id='word_1_325' title='bbox 956 4132 988 4207; x_wconf 88' lang='lat'><strong><em>⁰)</em></strong></span> <span class='ocrx_word' id='word_1_326' title='bbox 1015 4132 1140 4196; x_wconf 80' lang='grc' dir='ltr'><strong><em>ίνίζοντοιι</em></strong></span> <span class='ocrx_word' id='word_1_327' title='bbox 1165 4129 1228 4205; x_wconf 88' lang='grc' dir='ltr'><strong><em>περί</em></strong></span> <span class='ocrx_word' id='word_1_328' title='bbox 1248 4130 1293 4198; x_wconf 88' lang='grc' dir='ltr'><strong><em>τήν</em></strong></span> <span class='ocrx_word' id='word_1_329' title='bbox 1314 4128 1395 4185; x_wconf 85' lang='grc' dir='ltr'><strong><em>θείαν</em></strong></span> <span class='ocrx_word' id='word_1_330' title='bbox 1415 4122 1460 4179; x_wconf 85' lang='grc' dir='ltr'><strong><em>αἶ·</em></strong></span> <span class='ocrx_word' id='word_1_331' title='bbox 1530 4151 1535 4158; x_wconf 86' lang='grc'><strong><em>·</em></strong></span> 
     </span>
    </p>
   </div>
   <div class='ocr_carea' id='block_1_7' title="bbox 380 4395 1460 4731">
    <p class='ocr_par' dir='ltr' id='par_1_8' title="bbox 380 4395 1460 4731">
     <span class='ocr_line' id='line_1_35' title="bbox 425 4395 1458 4471; baseline 0.009 -29"><span class='ocrx_word' id='word_1_332' title='bbox 425 4456 427 4459; x_wconf 27' lang='grc' dir='ltr'>Ι</span> <span class='ocrx_word' id='word_1_333' title='bbox 453 4400 480 4466; x_wconf 76' lang='grc' dir='ltr'><strong><em>Ι)</em></strong></span> <span class='ocrx_word' id='word_1_334' title='bbox 503 4401 532 4451; x_wconf 80' lang='lat' dir='ltr'><strong><em>C,</em></strong></span> <span class='ocrx_word' id='word_1_335' title='bbox 558 4403 591 4451; x_wconf 82' lang='lat' dir='ltr'><strong><em>I),</em></strong></span> <span class='ocrx_word' id='word_1_336' title='bbox 616 4400 749 4471; x_wconf 57' lang='grc' dir='ltr'><strong><em>ἀφίκοντο,</em></strong></span> <span class='ocrx_word' id='word_1_337' title='bbox 789 4433 817 4442; x_wconf 90' lang='grc'>-</span> <span class='ocrx_word' id='word_1_338' title='bbox 853 4402 882 4470; x_wconf 71' lang='lat'><strong><em>9)</em></strong></span> <span class='ocrx_word' id='word_1_339' title='bbox 906 4405 936 4454; x_wconf 85' lang='lat' dir='ltr'><strong><em>B.</em></strong></span> <span class='ocrx_word' id='word_1_340' title='bbox 957 4403 987 4453; x_wconf 87' lang='lat' dir='ltr'><strong><em>C.</em></strong></span> <span class='ocrx_word' id='word_1_341' title='bbox 1007 4403 1040 4451; x_wconf 89' lang='lat' dir='ltr'><strong><em>D.</em></strong></span> <span class='ocrx_word' id='word_1_342' title='bbox 1065 4404 1156 4466; x_wconf 65' lang='grc' dir='ltr'><strong><em>ἔχοντα</em></strong></span> <span class='ocrx_word' id='word_1_343' title='bbox 1181 4402 1223 4450; x_wconf 79' lang='grc' dir='ltr'><strong><em>καὶ</em></strong></span> <span class='ocrx_word' id='word_1_344' title='bbox 1244 4395 1390 4463; x_wconf 57' lang='grc' dir='ltr'><strong><em>δπιστήμηθ·</em></strong></span> <span class='ocrx_word' id='word_1_345' title='bbox 1425 4421 1458 4433; x_wconf 90' lang='lat'><strong><em>··</em></strong></span> 
     </span>
     <span class='ocr_line' id='line_1_36' title="bbox 380 4478 1456 4556; baseline 0.011 -21"><span class='ocrx_word' id='word_1_346' title='bbox 380 4483 413 4551; x_wconf 79' lang='grc' dir='ltr'><strong><em>τ)</em></strong></span> <span class='ocrx_word' id='word_1_347' title='bbox 432 4484 463 4535; x_wconf 91' lang='lat' dir='ltr'><strong><em>c.</em></strong></span> <span class='ocrx_word' id='word_1_348' title='bbox 482 4487 514 4535; x_wconf 84' lang='lat'><strong><em>1).</em></strong></span> <span class='ocrx_word' id='word_1_349' title='bbox 533 4489 608 4554; x_wconf 59' lang='grc' dir='ltr'><strong><em>μαι.</em></strong></span> <span class='ocrx_word' id='word_1_350' title='bbox 643 4522 677 4531; x_wconf 91' lang='grc'><strong>-</strong></span> <span class='ocrx_word' id='word_1_351' title='bbox 718 4490 750 4555; x_wconf 78' lang='grc' dir='ltr'><strong><em>ι)</em></strong></span> <span class='ocrx_word' id='word_1_352' title='bbox 769 4489 799 4541; x_wconf 86' lang='lat' dir='ltr'><strong><em>c.</em></strong></span> <span class='ocrx_word' id='word_1_353' title='bbox 818 4489 852 4538; x_wconf 86' lang='grc' dir='ltr'><strong><em>τι.</em></strong></span> <span class='ocrx_word' id='word_1_354' title='bbox 873 4491 913 4540; x_wconf 72' lang='grc' dir='ltr'><strong><em>τι.</em></strong></span> <span class='ocrx_word' id='word_1_355' title='bbox 950 4518 983 4529; x_wconf 82' lang='lat'>-</span> <span class='ocrx_word' id='word_1_356' title='bbox 1024 4487 1053 4553; x_wconf 62' lang='grc' dir='ltr'><strong><em>τε)</em></strong></span> <span class='ocrx_word' id='word_1_357' title='bbox 1072 4489 1102 4540; x_wconf 76' lang='grc' dir='ltr'><strong><em>Β.</em></strong></span> <span class='ocrx_word' id='word_1_358' title='bbox 1122 4487 1264 4556; x_wconf 66' lang='grc' dir='ltr'><strong><em>δεξάμενοι.</em></strong></span> <span class='ocrx_word' id='word_1_359' title='bbox 1300 4511 1333 4521; x_wconf 88' lang='grc'>-</span> <span class='ocrx_word' id='word_1_360' title='bbox 1372 4478 1456 4546; x_wconf 69' lang='lat' dir='ltr'>⁶)fl·</span> 
     </span>
     <span class='ocr_line' id='line_1_37' title="bbox 382 4571 1460 4646; baseline 0.016 -26"><span class='ocrx_word' id='word_1_361' title='bbox 382 4573 591 4638; x_wconf 70' lang='grc' dir='ltr'><strong><em>ῥηθησομένους.</em></strong></span> <span class='ocrx_word' id='word_1_362' title='bbox 626 4603 660 4614; x_wconf 89' lang='grc'>-</span> <span class='ocrx_word' id='word_1_363' title='bbox 709 4575 739 4642; x_wconf 83' lang='grc'><strong><em>7)</em></strong></span> <span class='ocrx_word' id='word_1_364' title='bbox 759 4575 788 4625; x_wconf 87' lang='lat' dir='ltr'><strong><em>C.</em></strong></span> <span class='ocrx_word' id='word_1_365' title='bbox 808 4574 842 4624; x_wconf 87' lang='lat' dir='ltr'><strong><em>D.</em></strong></span> <span class='ocrx_word' id='word_1_366' title='bbox 862 4572 1054 4646; x_wconf 79' lang='grc' dir='ltr'><strong><em>ἀκροάσασθαι.</em></strong></span> <span class='ocrx_word' id='word_1_367' title='bbox 1090 4603 1124 4613; x_wconf 88' lang='grc'>-</span> <span class='ocrx_word' id='word_1_368' title='bbox 1169 4572 1199 4638; x_wconf 73' lang='lat'><strong><em>3)</em></strong></span> <span class='ocrx_word' id='word_1_369' title='bbox 1219 4571 1248 4622; x_wconf 78' lang='lat' dir='ltr'><strong><em>c·</em></strong></span> <span class='ocrx_word' id='word_1_370' title='bbox 1267 4571 1460 4640; x_wconf 57' lang='grc' dir='ltr'><strong><em>πῖθ’ίῧιίδώαί·</em></strong></span> 
     </span>
     <span class='ocr_line' id='line_1_38' title="bbox 381 4656 910 4731; baseline 0.008 -25"><span class='ocrx_word' id='word_1_371' title='bbox 381 4656 415 4723; x_wconf 83' lang='grc'><strong><em>9)</em></strong></span> <span class='ocrx_word' id='word_1_372' title='bbox 435 4657 464 4706; x_wconf 90' lang='grc' dir='ltr'><strong><em>Β.</em></strong></span> <span class='ocrx_word' id='word_1_373' title='bbox 484 4656 580 4716; x_wconf 83' lang='grc' dir='ltr'><strong><em>οὐσίας.</em></strong></span> <span class='ocrx_word' id='word_1_374' title='bbox 615 4686 649 4698; x_wconf 88' lang='lat'><strong><em>—-</em></strong></span> <span class='ocrx_word' id='word_1_375' title='bbox 684 4659 731 4726; x_wconf 74' lang='lat'><strong><em>10)</em></strong></span> <span class='ocrx_word' id='word_1_376' title='bbox 749 4662 779 4710; x_wconf 88' lang='lat' dir='ltr'><strong><em>B.</em></strong></span> <span class='ocrx_word' id='word_1_377' title='bbox 798 4659 910 4731; x_wconf 76' lang='grc' dir='ltr'><strong><em>πράξεις.</em></strong></span> 
     </span>
    </p>
   </div>
   <div class='ocr_carea' id='block_1_8' title="bbox 0 0 1901 5442">
    <p class='ocr_par' dir='ltr' id='par_1_9' title="bbox 0 0 1901 5442">
     <span class='ocr_line' id='line_1_39' title="bbox 0 0 1901 5442; baseline 0 0"><span class='ocrx_word' id='word_1_378' title='bbox 0 0 1901 5442; x_wconf 95' lang='lat' dir='ltr'><strong><em> </em></strong></span> 
     </span>
    </p>
   </div>
  </div>
 </body>
</html>
