3775 5442
655 639 742 703 biber
762 642 914 704 ewulm.
958 640 1060 704 Sectia
1081 643 1130 705 lu.
1369 649 1434 713 m

350 816 472 892 captum
494 813 726 875 accommodate
747 820 820 874 runt
839 815 991 893 exporitn
1014 814 1161 896 explicari
1181 815 1328 881 rubtillua
1343 821 1433 884 etad

350 934 472 978 cauum
494 935 566 980 euaa
587 922 681 996 atqua
700 916 852 995 principia
871 917 1020 981 revocari.
1064 919 1141 979 Nam
1164 918 1249 998 quod
1271 920 1363 984 ideae
1384 927 1434 985 at-

350 1037 412 1097 que
431 1040 484 1082 ree
505 1020 589 1081 inter
610 1037 645 1082 aa
666 1020 796 1085 invicem
818 1020 1001 1100 aimpliciter
1023 1027 1233 1101 opponuntur,
1255 1042 1293 1085 ea
1311 1043 1350 1087 eo
1368 1043 1433 1089 non

348 1121 559 1200 ιοιιιιᾳιιὶιιιι,
581 1129 618 1185 ut
638 1124 722 1187 nulla
744 1123 827 1186 inter
847 1129 996 1203 utraeque
1015 1124 1191 1186 intercedat
1203 1126 1379 1190 coniunctio
1397 1134 1434 1193 at

347 1226 557 1288 amaritudo.
595 1227 661 1290 ime
682 1226 903 1307 philosopham
924 1228 1064 1291 videmur
1086 1229 1136 1289 vel
1156 1228 1188 1288 in
1209 1231 1352 1310 populari
1372 1232 1433 1293 luo

348 1326 509 1391 doctrinae
535 1348 611 1393 anae
637 1329 843 1410 explicatione
873 1329 1008 1408 aliquam
1045 1349 1150 1393 earum
1182 1331 1433 1395 coniunctionem

347 1432 505 1495 atatuiaae.
560 1435 607 1496 lia
633 1453 708 1497 vero
736 1431 836 1512 qualia
861 1440 963 1506 earet,
997 1435 1029 1495 in
1057 1433 1273 1496 cultillorilrua
1300 1434 1342 1496 de
1368 1435 1432 1498 hoe
1512 1469 1520 1481 =

345 1533 418 1598 loeo
450 1536 713 1616 disputationiboa
740 1535 780 1596 ab
807 1551 845 1596 ao
867 1535 1053 1612 explicatum
1075 1554 1161 1611 erae,
1192 1553 1230 1597 er
1250 1536 1430 1600 Adatotelia

345 1637 425 1701 incia
454 1658 550 1719 aupra
583 1638 734 1701 enarratio
768 1636 1002 1700 evidentiaalnae
1036 1645 1175 1721 apparet.
1212 1638 1325 1701 ¹lolem
1354 1659 1433 1703 vera

344 1741 439 1802 etiam
455 1742 489 1802 in
502 1740 687 1803 Parmenlde
707 1740 746 1802 ab
769 1759 807 1802 co
828 1740 946 1803 iactum
968 1759 1050 1818 eane,
1072 1741 1209 1805 dubitari
1229 1759 1292 1803 non
1312 1748 1428 1821 pateat.

343 1843 431 1921 Quid
453 1862 530 1923 ergo
550 1843 678 1917 mirum,
705 1844 788 1922 quod
816 1844 910 1905 etiam
938 1844 1043 1906 locum
1064 1846 1107 1908 de
1128 1844 1315 1927 cognitioni·
1336 1862 1431 1926 geae-

331 1946 434 2008 ‘riluua
461 1946 492 2008 in
522 1947 582 2010 hoc
607 1946 689 2009 libra
717 1946 863 2027 explicuit
889 1946 996 2026 paullo
1023 1949 1116 2011 aliter
1142 1957 1176 2011 et
1196 1966 1277 2028 quae
1297 1948 1375 2011 aliea
1396 1949 1430 2011 in

342 2049 520 2117 univercum
548 2050 644 2130 magia
674 2051 883 2130 expoauiaaet,
910 2051 1006 2113 veluti
1031 2052 1199 2132 complevit
1224 2057 1259 2111 et
1289 2051 1428 2132 locuple·

344 2152 442 2214 uviri
491 2152 569 2214 Nam
601 2153 755 2215 infinitam
790 2154 916 2233 quidem
951 2153 1031 2217 illud
1066 2154 1207 2216 idearum
1241 2154 1429 2235 principium

343 2257 458 2318 anllam
486 2255 579 2336 plane
604 2255 764 2318 acientiam
790 2257 878 2320 ferre
903 2256 1049 2320 afiirmat.
1113 2258 1148 2321 ln
1174 2275 1237 2336 quo
1267 2259 1344 2320 nihil
1367 2263 1426 2335 eat,

344 2359 429 2437 qnod
457 2357 576 2438 vulgari
602 2359 649 2421 illi
676 2359 837 2423 doctrinae
864 2360 1024 2423 adtenuari
1050 2360 1239 2423 censendum
1267 2361 1317 2422 ait
1362 2362 1427 2426 Nea

342 2462 420 2524 iliud
442 2480 513 2522 cum
534 2479 572 2523 ea
591 2466 724 2541 pugnat,
756 2462 841 2543 quod
861 2461 1001 2525 indultae
1022 2481 1190 2543 corporum
1211 2466 1358 2528 materiae
1379 2468 1426 2528 ln-

342 2564 502 2626 ncientiam
531 2566 678 2629 adiunxit.
721 2565 808 2626 llaec
838 2565 939 2628 omnia
961 2567 1043 2629 enim
1065 2583 1161 2647 quum
1182 2583 1331 2646 nunquam
1351 2569 1426 2632 olibi

342 2666 410 2747 pari
430 2668 605 2733 subtilitate
627 2667 846 2750 explicaverit,
878 2687 919 2730 nc
944 2668 1025 2730 iilud
1052 2667 1177 2746 quidem
1199 2671 1302 2747 potuit
1324 2672 1427 2750 expla-

343 2789 435 2846 nare,
464 2772 539 2851 qnid
567 2774 608 2834 de
635 2790 741 2834 rerum
772 2770 963 2831 infinitarum
990 2771 1170 2848 cognitione
1196 2760 1284 2831 cecat
1320 2772 1426 2833 arieti-

343 2873 496 2938 anandum.
539 2876 615 2938 Ploe
636 2874 731 2936 habet
753 2871 955 2938 dubilationia
976 2871 1064 2944 iliad,
1088 2870 1172 2949 qaod
1193 2870 1288 2932 rebor
1315 2891 1427 2952 corpo-

344 2977 409 3040 reda
430 2977 463 3042 ta
481 2985 582 3041 certae
604 2979 721 3040 formae
743 2994 779 3037 ac
805 2975 927 3055 apeciea
952 2971 1085 3052 digestio
1106 2977 1233 3051 praeter
1248 2973 1426 3053 opinionem

342 3079 437 3142 etiam
466 3082 624 3143 acientiam
651 3079 806 3153 adiunxit,
838 3077 970 3139 viclaeim
993 3083 1096 3139 autem
1117 3075 1214 3150 idcir,
1245 3095 1321 3155 quaa
1350 3077 1426 3140 aliaa

340 3183 412 3246 aolo
437 3183 599 3246 intellectu
625 3204 662 3246 ac
687 3187 792 3244 mente
817 3179 1110 3261 cognoscimur,
1143 3179 1310 3259 assignavit
1332 3180 1425 3242 etiam

340 3288 551 3367 opinationem
574 3293 668 3368 atque
688 3287 928 3367 perceptionem.
977 3285 1021 3347 At
1041 3283 1123 3346 enim
1145 3301 1220 3344 vero
1243 3302 1280 3343 re
1300 3302 1424 3346 accura-

339 3391 403 3453 tiua
424 3391 579 3471 peneltata
608 3408 648 3450 uc
676 3390 736 3451 hoc
757 3390 881 3469 quidem
903 3385 1061 3449 videbitur
1088 3403 1160 3446 eree
1184 3385 1354 3459 eiuemodi‚
1389 3393 1425 3448 ut

340 3513 411 3556 enm
438 3493 561 3573 placitis
589 3493 656 3555 eiua
685 3492 760 3556 alibi
787 3492 952 3553 illoairatia
987 3505 1126 3569 pugnare
1158 3486 1344 3548 censendum
1372 3490 1424 3553 ait.

340 3597 608 3676 Quemadmodum
646 3596 727 3657 enim
767 3594 799 3655 in
834 3594 1019 3655 Parmenide
1056 3590 1199 3672 expernit
1240 3591 1423 3664 accuratior,

340 3719 420 3780 qaae
441 3707 527 3764 earet
547 3719 653 3761 rerum
674 3706 768 3779 atque
788 3698 930 3759 idearum
953 3696 1127 3758 coniunctio
1159 3701 1192 3757 et
1213 3692 1422 3767 cohaerendi,
1558 3736 1560 3740 .

339 3805 383 3865 ita
395 3803 501 3878 etiam,
523 3823 602 3884 quac
618 3810 725 3865 ensem
744 3801 829 3863 varia
850 3800 1037 3880 cognitiouie
1057 3817 1172 3879 genera
1184 3803 1289 3874 etqua
1303 3793 1424 3855 ratione

340 3925 377 3968 aa
397 3907 482 3969 inter
501 3909 570 3988 ipra
592 3907 812 3980 cohaererent,
839 3905 868 3965 ei
889 3922 952 3964 non
973 3902 1151 3991 explicavit,
1180 3904 1213 3959 at
1234 3903 1320 3958 certe
1342 3893 1423 3955 indi-

339 4011 422 4072 cavit
442 4012 613 4073 eollertma.
667 4011 844 4088 Quanquam
873 4026 939 4068 rem
967 4008 995 4069 al
1022 3997 1362 4086 diligentiorum,
1390 3998 1424 4060 in

339 4134 460 4177 anmma
483 4115 634 4176 brevitate
663 4119 765 4173 tamen
794 4111 872 4173 nihil
894 4109 1097 4172 dubitatiouia
1119 4105 1263 4166 relictum
1284 4119 1356 4164 erre
1376 4099 1424 4160 ia·

339 4218 400 4280 cile
421 4219 550 4280 aeoliae
599 4218 676 4279 Nam
708 4217 848 4278 idearum
869 4218 963 4293 atque
984 4231 1090 4274 rernm
1112 4225 1222 4271 ιιιιιιι
1243 4203 1425 4268 ferientium

337 4329 426 4383 tanta
453 4328 504 4384 eet
530 4320 729 4382 necemitodo
762 4325 887 4399 tamque
913 4322 998 4378 arcte
1025 4307 1331 4384 contundimur
1350 4306 1425 4369 illae

337 4426 371 4487 in
386 4425 573 4505 corporibus
587 4442 752 4504 exprearac
774 4429 949 4496 comantur,
972 4424 1004 4478 et
1023 4417 1084 4478 irae
1099 4411 1234 4476 viciaaim
1245 4411 1286 4473 ad
1300 4411 1423 4474 illarum

339 4528 515 4609 exemplum
547 4536 741 4607 comparatae
770 4528 843 4591 rint.
895 4525 943 4587 lix
971 4539 1032 4602 quo
1055 4517 1210 4591 efficitur,
1239 4520 1274 4576 nt
1295 4513 1424 4577 acientia

339 4632 573 4714 quodammodo
601 4634 694 4693 etiam
721 4631 754 4692 in
782 4648 835 4691 rea
865 4628 924 4691 aulr
945 4623 1053 4689 oculo·
1075 4621 1231 4684 coniecta·
1252 4618 1423 4720 conveniat,
