3775 5442
629 714 634 727 Ι
732 642 818 701 biber
838 644 959 721 primus.
1002 642 1103 703 Sectin
1124 642 1160 705 ll.
1445 649 1488 710 lt

377 820 430 883 bic
464 817 582 879 omnia
611 822 719 877 censet
747 832 784 875 ex
812 815 1053 893 cogitationibus
1074 815 1145 877 fore
1167 820 1354 896 composita,
1384 820 1411 877 si
1435 838 1485 879 res

376 922 539 985 sensibus
563 918 725 981 subiectae
739 915 824 978 ideas
844 918 1047 998 participent,
1069 917 1130 978 boc
1145 920 1192 979 sic
1213 928 1331 981 lautum
1354 923 1485 1002 aliquam

378 1028 488 1089 lubet
510 1024 594 1096 rim,
623 1021 651 1081 ai
681 1020 771 1081 ideae
793 1022 985 1084 extrinsecus
1007 1022 1099 1081 ctiam
1122 1028 1207 1081 extra
1229 1031 1363 1084 mentem
1386 1025 1486 1087 inomi-

378 1148 461 1193 num
493 1144 573 1187 uere
602 1140 672 1183 esse
695 1129 878 1199 asumuntur,
912 1143 972 1187 nec
991 1128 1109 1183 tantum
1133 1143 1191 1201 pro
1212 1129 1409 1204 generalibus
1430 1149 1485 1191 no-

378 1231 535 1293 tionibus
558 1228 717 1289 innitentur
736 1227 768 1285 in
791 1227 980 1288 sola'mentc
997 1227 1188 1300 informatis,
1210 1229 1241 1289 in
1256 1249 1316 1309 quic
1332 1234 1486 1294 conteratis

381 1334 653 1397 Tennemannum
682 1327 781 1389 luisse
810 1331 958 1391 innuimus.
1009 1331 1055 1391 Ac
1083 1331 1244 1409 prolecto,
1280 1354 1338 1413 ego
1361 1336 1485 1414 siquid

384 1439 507 1509 rideo,
542 1434 632 1495 Plato
653 1431 741 1493 ineas
763 1451 834 1494 siras
855 1450 915 1493 uon
938 1432 1039 1492 anitum
1061 1436 1172 1495 mentia
1194 1435 1318 1497 notitias
1339 1456 1410 1497 esse
1432 1458 1486 1499 rn-

388 1540 471 1611 luit,
495 1534 556 1597 aeti
580 1535 673 1595 eliam
695 1551 800 1595 rerum
823 1535 943 1612 species
960 1536 1136 1609 absolutas,
1158 1544 1312 1598 externam
1335 1538 1484 1601 babentes

388 1641 580 1701 ueritatem:
617 1637 660 1699 tle
687 1656 748 1715 quaa
775 1655 811 1697 re
839 1637 919 1697 iufra
951 1637 1106 1715 copiosius
1135 1637 1349 1717 ‹lssaputabitun
1394 1643 1484 1721 Quinti

391 1744 493 1823 igitur
515 1757 599 1801 name
619 1739 764 1803 Socrates
792 1740 823 1799 in
850 1736 908 1799 bac
935 1741 1056 1801 ratione
1078 1738 1228 1815 cllenalit,
1260 1743 1339 1805 aden
1363 1753 1396 1804 ut
1418 1767 1484 1806 caru
1553 1748 1560 1762 ’

393 1852 495 1907 totam
517 1840 687 1920 repudiare
708 1841 864 1915 videatur,
887 1840 980 1903 lintius
1003 1842 1050 1903 rei
1071 1861 1180 1903 carrssa
1201 1844 1232 1903 ln
1251 1862 1290 1906 ec
1311 1848 1486 1923 quaerenda

396 1956 468 2023 est,
493 1945 582 2030 quod
609 1944 808 2007 Parmeniden
836 1963 903 2005 cam
925 1945 1169 2024 participationis
1191 1964 1297 2008 reruun
1320 1968 1485 2029 corporea-

399 2072 470 2113 rum
499 2050 611 2112 statuit
632 2050 802 2125 rationem,
837 2065 873 2107 ex
903 2067 963 2127 qiua
991 2048 1212 2111 absurdissima
1234 2068 1376 2130 utraeque
1397 2055 1484 2115 colli-

396 2174 476 2237 gere
499 2154 601 2216 liceat.

486 2256 639 2335 Quocirca
652 2254 790 2333 captiosa
803 2253 862 2313 ista
875 2256 1142 2331 argumentatione
1159 2256 1262 2317 deutra
1281 2257 1312 2318 in
1328 2264 1484 2342 angustias

398 2362 578 2441 compulsus
599 2358 721 2420 iuuenis
742 2357 885 2417 Socrates
908 2357 998 2417 allam
1020 2364 1121 2419 tentat
1142 2360 1235 2433 riam,
1264 2379 1324 2439 quaa
1345 2363 1484 2428 ialearum

399 2484 511 2529 casim
536 2461 726 2525 defendatur
754 2477 789 2519 ac
810 2464 1011 2519 scantentetur.
1054 2458 1138 2521 Fieri
1160 2464 1241 2524 euim
1263 2482 1358 2544 posse
1379 2469 1484 2532 existi·

400 2578 475 2645 mat,
498 2575 533 2631 nt
544 2566 634 2629 itleae
644 2566 708 2626 sint
721 2561 807 2641 quiasi
826 2561 1010 2641 exemplaria
1023 2582 1127 2625 uernum
1140 2566 1205 2626 sive
1216 2570 1485 2653 παραδείγματα,

400 2675 439 2738 acl
464 2689 594 2753 quornm
616 2664 849 2731 similitudinem
871 2682 924 2738 es,
948 2684 1026 2743 apruna
1047 2668 1189 2728 sensibus
1205 2671 1410 2751 percipirnua,
1434 2696 1485 2736 ex·

400 2794 514 2859 pm
538 2775 599 2835 nint
626 2778 721 2849 atque
749 2765 952 2829 conformata.
1003 2769 1110 2845 ltaque
1142 2770 1263 2831 illariun
1292 2792 1360 2834 cum
1389 2779 1484 2839 rebus

401 2878 541 2959 singulis
563 2873 803 2937 coniunctionem
827 2887 862 2927 ac
884 2870 1142 2931 necessitudinem
1166 2872 1197 2929 in
1220 2891 1258 2931 eo
1281 2874 1366 2934 cerni
1387 2886 1484 2955 putat,

410 2980 500 3061 quod
529 2979 624 3039 omnia
648 2977 687 3039 acl
716 2991 823 3033 earnm
850 2972 1083 3033 similitudinem
1113 2977 1288 3050 comparata
1309 2975 1381 3035 sint.
1424 2979 1487 3039 Sed

403 3102 466 3147 nec
482 3082 561 3143 banc
578 3081 760 3143 sententiam
778 3075 978 3137 Parmenides
989 3093 1118 3135 assensu
1135 3094 1191 3137 auo
1214 3077 1412 3156 comprobat,
1435 3082 1487 3158 qul

403 3208 470 3251 mm
500 3194 649 3268 protenus
685 3179 852 3244 subtilibus
888 3179 1144 3241 conclusiunculis
1173 3187 1315 3241 evertere
1348 3190 1487 3244 conatur.

403 3291 495 3373 qunti
518 3289 723 3368 compositum
747 3290 811 3358 est,
834 3282 950 3361 inquit,
982 3282 1020 3343 ad
1044 3282 1164 3344 lormae
1185 3283 1313 3345 alicuius
1334 3288 1485 3348 rationem

401 3418 436 3461 ac
457 3392 711 3463 similitudinem,
732 3387 805 3448 lruic
826 3385 956 3447 uicissim
979 3388 1046 3465 ipsa
1063 3385 1165 3445 foruna
1178 3387 1287 3448 similis
1300 3389 1342 3448 sit
1358 3409 1486 3468 prorsus

402 3514 532 3561 neceam
553 3500 611 3555 cal.
655 3493 702 3554 Ex
725 3510 785 3569 qino
807 3489 1009 3567 intelligitur,
1044 3497 1078 3549 et
1103 3492 1238 3569 speciem
1261 3493 1357 3569 ipsam
1381 3501 1414 3554 et
1434 3514 1486 3554 res

401 3604 439 3665 ad
463 3618 532 3661 eam
556 3602 751 3675 comparatas
772 3593 829 3653 sub
852 3609 946 3653 trunam
963 3592 1109 3670 idemque
1121 3610 1221 3671 genus
1241 3595 1396 3656 subiectas
1417 3617 1487 3657 esse

402 3714 560 3787 oportere.
606 3698 697 3777 Quod
721 3698 747 3758 si
769 3715 842 3757 rere
864 3696 1042 3755 conclusum
1065 3702 1123 3767 est,
1145 3706 1259 3774 sponte
1277 3702 1485 3778 consequitur,

402 3820 434 3873 nt
469 3805 611 3870 inlinitua
648 3805 787 3879 emergat
820 3815 967 3861 numerus
1003 3798 1172 3858 loricarum
1209 3806 1301 3878 atque
1328 3820 1487 3880 generiam,

403 3904 658 3993 quandoquidem
680 3901 799 3981 singula
821 3919 936 3980 genera
958 3918 1083 3980 semper
1102 3901 1156 3961 alii
1176 3901 1265 3961 alicui
1287 3910 1392 3964 rursus
1412 3906 1486 3965 sub-

403 4014 535 4077 iicienda
564 4011 666 4069 eruut.
724 4004 771 4065 Ex
804 4005 913 4083 quibua
947 4004 1079 4083 intelligi
1114 4005 1297 4077 arbitratur,
1341 4016 1486 4085 quantum

404 4110 600 4178 tlil'licullalia
622 4107 752 4180 lrabeat,
775 4108 801 4167 ai
824 4105 893 4184 quis
915 4105 1001 4167 ideas
1023 4126 1080 4186 per
1101 4128 1136 4167 se
1163 4115 1300 4168 extantes
1320 4115 1384 4169 eta
1404 4115 1487 4166 cete-

406 4222 443 4281 ris
466 4218 564 4279 rebua
586 4210 743 4273 seiunctas
764 4216 867 4289 ponat
912 4209 1063 4287 erocirca
1090 4211 1204 4270 acriter
1230 4212 1405 4281 contendit,
1435 4226 1487 4268 res

405 4323 532 4383 sensiles
568 4329 632 4377 nnn
668 4328 761 4391 pocae
796 4330 855 4390 per
884 4310 1116 4373 similitudinem
1145 4312 1282 4374 idearum
1317 4327 1387 4369 esse
1418 4327 1489 4385 pnr-

405 4427 512 4507 ticipes
525 4422 573 4490 li.

471 4647 493 4707 η
513 4640 544 4693 n.
566 4632 672 4687 acan.
689 4630 798 4685 ..ann
812 4634 842 4682 a.
