3775 5442
650 628 738 692 Liiar
758 632 876 710 primur.
920 631 1022 695 Sertio
1044 633 1079 692 i'.
1350 640 1410 705 iil

321 800 481 864 aententia
503 800 666 864 aioaoiutaa
686 802 777 864 ideae
804 809 899 885 atque
919 804 1069 866 relativae
1095 805 1142 869 via
1168 812 1261 886 atquo
1290 818 1412 882 natura.

321 905 399 967 iiam
424 924 462 966 ea
483 905 511 967 ai
531 895 590 985 per
611 923 646 967 ee
668 905 811 968 aiaeoiuto
831 903 934 988 posite
962 907 1195 983 consideratur,
1228 909 1261 971 in
1289 930 1325 989 ap
1351 934 1413 977 una

320 1009 512 1090 aequieaoit,
535 1007 665 1088 eimpier
687 1015 736 1073 eat
754 1015 848 1089 atque
866 1015 1009 1088 aeterna,
1030 1017 1067 1072 ut
1080 1010 1225 1091 proiecto
1238 1031 1276 1074 eo
1289 1019 1413 1080 nomine

320 1131 339 1172 a
359 1113 459 1173 reinna
481 1111 641 1193 corporeis
662 1112 830 1193 plurimum
851 1112 894 1175 ait
915 1113 1046 1178 diversa.
1090 1114 1145 1176 Sin
1166 1121 1269 1178 autem
1282 1120 1413 1183 relative

320 1220 354 1276 et
375 1234 449 1276 enm
470 1217 699 1295 eomparat'one
720 1216 861 1297 ponitur,
892 1217 976 1297 quod
999 1224 1131 1298 propter
1158 1220 1218 1280 τοῦ
1240 1211 1340 1296 ὄντος
1361 1241 1412 1283 ao-

320 1317 628 1398 maiorumque
643 1319 714 1380 iieri
731 1319 887 1399 oportuit,
910 1320 1056 1382 etiamad
1071 1339 1108 1382 ea
1122 1338 1200 1400 quae
1214 1329 1304 1385 extra
1311 1325 1413 1405 ipram
1428 1306 1431 1312 ¹

320 1427 395 1483 rent
417 1420 569 1483 eollooata
590 1420 732 1500 adeoque
753 1422 792 1482 ab
814 1441 850 1483 ea
878 1422 1002 1486 diversa
1015 1423 1124 1488 reiuti
1152 1424 1333 1505 connititur,
1362 1428 1413 1493 uu

321 1532 355 1586 et
375 1523 454 1604 ipaia
476 1523 537 1584 vim
558 1542 646 1587 anam
668 1521 875 1604 impertitura.
918 1526 1085 1587 Enimvero
1115 1525 1176 1587 iuit
1202 1526 1291 1589 Plato
1319 1530 1413 1594 inea
1506 1525 1510 1543 ⁵

321 1628 495 1701 muron,
517 1632 552 1688 nt
572 1626 659 1688 ideae
681 1645 753 1689 auae
775 1627 870 1689 veiiet
887 1646 969 1714 eaeo
994 1628 1175 1704 mutabiiea,
1203 1630 1301 1706 vivae,
1329 1652 1414 1695 eom·

322 1729 484 1792 munitula
506 1747 650 1809 oapaoee,
673 1729 808 1808 denique
829 1730 1219 1812 eifloaoerr'quamobrem
1242 1753 1294 1795 eae
1315 1737 1413 1798 veluti

322 1852 342 1895 e
362 1833 492 1914 regione
512 1831 618 1912 poenit
638 1831 762 1893 iliorum
785 1834 987 1911 commertio,
1016 1835 1070 1914 qui
1099 1835 1160 1896 etsi
1183 1854 1237 1897 ene
1254 1834 1413 1899 Parmeni-

324 1937 416 2000 denm
437 1934 616 2014 nentiquam
638 1935 792 2015 negabant
813 1936 845 1996 in
867 1938 967 1998 variae
989 1944 1022 1999 et
1042 1937 1284 2000 innurmerabiiea
1306 1948 1414 2020 partea
1499 1953 1501 1956 ⁴

324 2058 396 2103 erre
417 2038 627 2118 deaeriptum,
648 2044 752 2099 tamen
773 2038 830 2102 inae
852 2040 936 2120 ipseo
958 2040 1092 2117 formae,
1114 2047 1225 2122 utpote
1247 2042 1413 2123 aempiter·
1462 2055 1463 2058 ’

323 2162 394 2220 ιιι,
421 2140 568 2204 volebant
590 2159 660 2202 eaae
680 2141 814 2222 rigidae,
848 2143 992 2207 immotae
1022 2144 1168 2224 omnique
1196 2146 1413 2209 eommunione

323 2253 483 2320 rarentee,
505 2243 642 2329 ideoque
662 2263 715 2307 eae
737 2264 806 2306 oum
828 2247 923 2308 rebua
952 2250 1010 2310 aub
1038 2266 1148 2311 aeneus
1176 2247 1324 2312 aubieotir
1346 2251 1411 2313 uiio

322 2353 421 2417 inodo
441 2346 614 2413 oonaoeiari
634 2346 811 2427 praeiraote
832 2351 995 2431 negabant.
1039 2353 1137 2431 Quam
1158 2351 1283 2431 quidem
1303 2353 1412 2434 diega-

322 2456 460 2518 rieomn
480 2451 581 2514 iniroe
602 2451 796 2530 opinionem,
826 2472 845 2515 e
866 2454 936 2516 iooo
959 2453 1127 2534 Sophiatae
1148 2472 1179 2533 p.
1194 2453 1315 2517 246.Α.
1332 2476 1412 2538 aqq,

323 2560 386 2621 iem
412 2563 484 2619 ante
511 2574 530 2615 ι
557 2555 647 2617 nobie
668 2562 818 2632 tractato,
849 2556 1029 2619 acutiorime
1050 2557 1184 2620 oonieoit
1205 2540 1428 2622 Seirieierma?¹

323 2662 413 2725 cineri
433 2656 584 2722 eoiiertia.
634 2657 901 2742 Quemadmodum
929 2659 1027 2740 igitur
1053 2659 1141 2723 ideae
1168 2661 1353 2726 existimarit
1373 2682 1412 2726 ex

324 2783 389 2828 nne
409 2762 531 2825 indnito
554 2779 623 2822 earm
644 2761 733 2822 iinito
756 2763 901 2841 copulato
924 2761 1083 2848 ertitiaae3
1104 2763 1149 2824 ita
1170 2763 1209 2825 iia
1232 2765 1324 2826 etiam
1344 2784 1412 2828 eam

323 2869 391 2932 adm
413 2873 448 2927 et
466 2864 633 2928 eidoroiam
654 2863 783 2938 tribuit,
804 2871 840 2926 ut
861 2882 923 2925 non
943 2861 1039 2925 modo
1062 2864 1102 2924 ad
1123 2882 1158 2924 ee
1171 2864 1299 2928 invicem
1311 2869 1412 2930 reier-

325 2977 456 3045 rentur,
476 2968 530 3032 aed
550 2970 645 3029 etiam
667 2967 828 3029 materiam
840 2983 1007 3046 corporum
1018 2983 1077 3045 per
1090 2983 1126 3029 ιι
1137 2965 1303 3030 informem
1316 2969 1411 3046 iilam,

324 3074 455 3150 rudem,
487 3073 694 3147 inoonditam,
727 3070 823 3132 veluti
851 3058 1070 3150 oontingerent
1098 3089 1134 3131 ao
1165 3069 1273 3132 iinitae
1295 3069 1414 3148 οὐσίας

325 3185 436 3241 aatnra
455 3175 664 3251 inrtroerent,
693 3193 755 3255 quo
784 3180 816 3235 et
844 3175 913 3254 ipea
940 3171 1062 3235 eertum
1084 3173 1237 3256 quendam
1260 3175 1412 3252 ordinem,

325 3282 444 3362 iegern,
471 3279 621 3354 formam,
649 3275 861 3340 condicionem
891 3277 1132 3340 nanoiaoeretur.
1182 3278 1285 3357 Atque
1312 3278 1345 3341 in
1374 3266 1416 3341 eo'⁴

324 3385 393 3466 ipao
415 3383 556 3445 oernitur
576 3381 819 3445 celebrationima
839 3381 894 3440 iiia
914 3379 1056 3440 idearum
1073 3376 1212 3462 μέθεξις
1224 3381 1414 3446 ιΙι-ικοινω-

325 3489 399 3562 ιία,
429 3503 511 3568 qnae
538 3494 624 3549 certe
651 3486 728 3548 nihii
756 3490 805 3547 eat
832 3482 933 3558 aliud,
967 3483 1027 3545 niri
1057 3502 1223 3563 corporum
1250 3483 1284 3544 in
1311 3493 1413 3548 oertaa
1489 3514 1492 3525 ·

326 3591 473 3672 quodam
501 3589 619 3654 iormae
654 3597 687 3652 et
713 3589 851 3649 retionee
879 3585 1019 3666 legitima
1046 3587 1196 3666 quaedem
1233 3586 1413 3650 distributio

326 3715 361 3757 ao
381 3694 572 3774 descriptio,
595 3714 673 3775 quae
694 3699 760 3755 tota
781 3689 898 3770 pendet
920 3707 957 3750 ex
985 3687 1125 3749 idearum
1147 3696 1272 3765 natura,
1300 3690 1413 3769 iormo,

327 3797 415 3878 lege,
438 3797 687 3860 coniunctione..
709 3796 860 3857 Nimirum
890 3794 1007 3854 nuiiam
1035 3812 1111 3856 eane
1131 3794 1206 3855 lieet
1226 3794 1333 3856 muudi
1354 3795 1413 3856 arri>

326 3918 435 3964 ιιιιιιι
457 3900 593 3963 subiecti
614 3901 646 3962 in
668 3899 769 3962 animo
792 3898 963 3959 informare
983 3897 1148 3978 imaginem
1170 3897 1238 3957 eine
1265 3895 1414 3977 inteiligi-

326 4005 435 4068 biii-
456 4004 627 4067 i'ormarum
650 4001 717 4063 aive
737 4002 897 4065 notionum
920 3984 1126 4082 cogitatiooea
1156 4018 1193 4059 ex
1221 4017 1282 4079 quo
1309 3999 1414 4080 piriio-

327 4108 460 4191 rophum
472 4114 617 4189 putamur
632 4104 812 4184 eoiiegiaae,
835 4122 959 4165 omnem
973 4102 1066 4165 huius
1081 4120 1186 4164 rerum
1202 4099 1414 4163 universitatia

327 4213 511 4274 ordinema
537 4207 755 4290 cogitabilibua
782 4206 892 4269 iormia
923 4221 994 4266 ease
1021 4205 1242 4284 repetendum,
1274 4202 1307 4263 id
1329 4197 1414 4278 quod

325 4314 500 4376 nitendum
530 4319 580 4375 eet
610 4330 629 4371 ι
655 4311 813 4390 plerisque
842 4329 951 4372 eorum
981 4326 1053 4371 eone
1074 4310 1269 4390 neglectum,
1298 4301 1351 4383 qui
1373 4302 1414 4366 de
1471 4314 1474 4319 ’

324 4417 527 4500 philorophia
547 4414 686 4479 Platonio
706 4413 857 4496 peouliari
877 4431 974 4493 opere
991 4416 1208 4493 exposuerunt.
1251 4402 1414 4469 Tribuiaae

324 4531 430 4584 autem
461 4520 624 4582 Platonem
651 4519 732 4581 ideir
759 4517 825 4582 auia
851 4535 919 4577 eam
949 4513 1011 4577 vim
1038 4520 1072 4574 et
1092 4511 1280 4582 efficaciam,
1312 4514 1348 4569 ut
1370 4503 1440 4577 τὰ,

323 4619 414 4688 ἄλλα
437 4641 563 4706 quoqne
583 4621 623 4686 iio
645 4621 741 4685 reiuti
762 4621 978 4695 aitioerentur,
1006 4620 1093 4700 potet
1114 4633 1134 4676 e
1154 4613 1225 4675 iooo
1246 4610 1414 4691 Sophirtae
