3775 5442
674 616 759 678 Liber
779 621 898 697 primus.
941 621 1043 684 Saetio
1063 624 1105 693 11.-
1386 635 1428 697 {ti

334 792 367 852 in
388 804 510 870 genem
533 804 695 868 quousque
716 795 925 870 processerint
948 803 979 856 et
1003 802 1194 877 quantopere
1213 804 1352 865 acumine
1367 824 1425 869 ano

334 896 397 956 sint
421 891 529 966 abusi,
564 910 658 969 quum
680 893 887 958 linisticornm
908 917 1036 974 nomen,
1072 903 1231 964 non-sine
1252 905 1425 972 invidistis

332 998 507 1071 tributrun,
538 995 622 1056 lrarrd
654 997 820 1059 obscurum
847 999 941 1061 iaciat
969 1001 1132 1079 iudicium,
1159 1010 1226 1066 tum
1255 1012 1357 1088 arguti
1378 1012 1424 1073 illi

332 1100 529 1181 syllogismi,
552 1118 683 1178 quornm
705 1102 875 1165 extiterunt
895 1086 1088 1181 inventores,
1117 1107 1219 1169 adbuc
1240 1113 1316 1180 satis
1336 1113 1424 1174 lucu·
1493 1166 1497 1179 .

333 1207 420 1266 lente
442 1209 608 1265 testantur.
654 1204 842 1283 Quemquam
864 1207 947 1268 lroud
967 1210 1031 1270 scio
1051 1230 1088 1270 an
1108 1229 1170 1272 non
1187 1211 1218 1271 in
1241 1215 1310 1275 arnis
1327 1216 1424 1278 relel-

334 1308 437 1369 lendis
460 1306 661 1387 physicorum
683 1308 805 1388 placitis
827 1312 1041 1388 substiterint,
1064 1314 1122 1374 sed
1143 1314 1235 1375 etlam
1256 1316 1424 1379 ldcasPla-

332 1412 418 1473 touls
441 1411 507 1471 acri
530 1411 699 1471 certamine
719 1412 782 1472 sint
803 1413 915 1476 adorti.
960 1416 1052 1494 erod
1072 1417 1101 1479 si
1123 1436 1267 1495 quaeras,
1301 1438 1338 1480 ex
1360 1440 1422 1500 quo

333 1527 481 1596 tempore
508 1512 639 1574 maxime
668 1515 712 1575 ita
734 1516 773 1575 ab
795 1515 834 1578 lis
855 1517 971 1578 iactum
997 1536 1067 1580 esse
1088 1519 1246 1596 videatur,
1277 1524 1422 1601 equidem

333 1620 380 1680 rix
410 1618 542 1707 dubito,
574 1616 651 1696 quin
679 1617 764 1678 lraud
790 1619 834 1679 ita
862 1621 961 1681 multo
990 1628 1062 1699 post
1084 1620 1202 1682 obitum
1224 1624 1361 1688 Socratis
1385 1647 1423 1688 ea

333 1720 490 1784 dissensio
512 1724 585 1780 nata
606 1721 664 1794 ait,
686 1740 747 1799 quo
770 1728 913 1802 tempore
932 1722 1021 1783 Plato
1040 1722 1200 1784 doctrinae
1222 1746 1295 1787 arrae
1311 1730 1421 1790 funda-

333 1832 437 1886 maata
459 1822 599 1884 nondum
618 1823 662 1883 ita
683 1824 817 1895 iecerat,
847 1829 883 1885 ut
903 1825 1051 1889 adhibitis
1073 1825 1285 1891 Eleaticorum
1308 1839 1340 1893 et
1361 1833 1422 1913 Py-

332 1929 559 2008 thagoreorum
587 1927 708 2008 placitis
737 1929 894 2009 graviores
923 1927 964 1988 de
999 1948 1037 1990 ea
1070 1929 1282 1992 dubitationes
1309 1943 1422 2012 sponte

336 2036 564 2093 senescerent.
629 2030 754 2093 Etenim
791 2032 927 2093 Socrate·
962 2037 1088 2093 mortuo
1128 2039 1251 2095 constat
1283 2034 1420 2097 Socrati·

333 2156 386 2198 coa
426 2141 523 2216 atque
558 2134 660 2214 ipsum
694 2153 817 2214 quoque
850 2134 1013 2196 Platonem
1050 2136 1178 2215 triginta
1216 2144 1419 2217 tyrannorum

332 2245 419 2300 mma
447 2256 519 2301 sese
546 2237 691 2319 Megaras
718 2238 757 2300 ad
787 2237 950 2298 Euclidem
982 2239 1154 2300 contulisse
1174 2239 1281 2319 ibique
1302 2242 1419 2306 diutius

331 2361 407 2405 ease
426 2347 642 2404 commoratos.
687 2340 731 2401 lle
760 2358 819 2420 qua
845 2359 882 2401 re
903 2342 964 2404 vid.
987 2340 1202 2404 Hermodorus
1224 2343 1304 2422 apud
1329 2346 1420 2427 ⁰¹⁰3·

331 2444 606 2519 uersuros,
639 2444 687 2506 ΙΙΙ.
709 2446 739 2506 o.
770 2444 878 2523 ibique
905 2443 1030 2524 blenag.
1066 2447 1138 2508 coll.
1171 2446 1274 2508 Bentl.
1304 2449 1418 2528 Opuse.

330 2547 415 2610 l’bll.
435 2568 467 2629 p.
485 2549 535 2609 54.
566 2548 616 2609 ed.
638 2548 720 2628 Lips.
764 2549 830 2609 Ast.
853 2547 894 2606 de
916 2546 989 2608 Vita
1011 2554 1043 2608 et
1063 2549 1196 2629 Scriptis
1218 2550 1296 2611 Plat.
1319 2572 1349 2631 p.
1365 2554 1418 2616 22.

331 2632 490 2732 Suspicarl
512 2657 614 2712 antem
637 2641 698 2713 usin
720 2651 787 2712 sine
806 2650 1085 2712 uerisimilitudinis
1103 2654 1207 2731 specie
1228 2654 1301 2713 licet
1315 2656 1417 2716 lincti-

301 2824 306 2833 ,
331 2755 407 2817 dem
430 2774 467 2815 ac
487 2755 647 2816 Platonem
668 2761 743 2815 tunc
763 2754 913 2833 temporis
937 2754 1107 2814 familiares
1130 2754 1284 2818 derebus
1307 2759 1346 2819 ad
1368 2780 1417 2820 aa·

329 2858 486 2937 pientiam
506 2860 729 2936 pertinentibus
751 2858 912 2917 miscuisse
934 2872 1111 2926 sermones3
1144 2858 1257 2934 quibus
1286 2861 1319 2921 ld
1341 2862 1418 2924 elie-

336 2967 427 3020 ctum
456 2965 517 3031 est,
547 2966 579 3020 ut
605 2963 750 3041 quidnam
779 2957 967 3021 discriminis
993 2957 1076 3017 inter
1103 2958 1243 3036 ipsorum
1265 2962 1417 3034 rationem

333 3063 558 3137 intercederet,
586 3066 683 3146 magis
712 3065 871 3145 magisque
900 3059 1132 3140 perspiceretur
1163 3062 1304 3141 adeoque
1324 3071 1361 3124 ut
1381 3066 1418 3125 iit

329 3170 417 3228 luter
437 3166 577 3230 lromines
600 3170 696 3230 erecti
717 3168 832 3249 ingenii
854 3167 885 3227 ln
907 3163 1062 3226 eiusmodi
1079 3166 1348 3244 contentionibus,
1371 3169 1415 3230 si-

329 3272 446 3332 multas
474 3273 623 3350 quaedam
651 3274 734 3334 iuter
761 3278 927 3349 utrumque
955 3269 1202 3331 subnasceretur.
1254 3272 1345 3350 erod
1373 3273 1417 3333 ita

329 3375 474 3437 eveniase
501 3377 594 3438 etiam
624 3396 660 3437 ea
685 3375 819 3436 reddent
845 3371 1033 3445 verisimile,
1064 3390 1142 3450 quae
1165 3392 1264 3453 nuper
1284 3376 1315 3435 lu
1337 3375 1416 3438 Pro·

328 3480 503 3558 legumento
526 3481 565 3541 ad
587 3479 793 3539 'l'heaetetum
816 3475 1023 3555 exposuimus.
1068 3477 1151 3553 Quid
1172 3476 1270 3555 igitur
1292 3478 1415 3553 mirum,

327 3581 414 3660 quud
445 3581 596 3661 Megarici
623 3582 736 3642 deinde
764 3581 904 3642 Platonis
933 3578 1121 3653 doctrinam,
1159 3598 1249 3658 quarn
1278 3581 1326 3640 vel
1347 3581 1416 3659 ipse

325 3687 469 3746 nondum
492 3686 531 3746 ad
552 3686 664 3747 lrrstam
686 3684 938 3764 perspicuitatem
962 3683 1153 3756 excoluerat,
1185 3682 1235 3742 rel
1256 3682 1303 3742 llli
1325 3702 1416 3745 aecus

325 3797 425 3868 atque
448 3788 620 3850 debuerant
640 3787 835 3867 interpretati
859 3793 955 3859 erant,
978 3784 1071 3845 armis
1083 3783 1263 3857 dialectici,
1282 3806 1415 3865 quorum

326 3913 387 3953 uren
410 3892 513 3971 probe
533 3900 623 3953 erant
644 3891 820 3963 exercitati,
843 3889 1023 3968 granimime
1044 3886 1146 3948 adorti
1169 3889 1266 3947 suunt?
1309 3888 1415 3949 Enim-

324 4013 403 4055 vero
428 3995 511 4072 quod
533 3996 622 4057 Plato
645 3996 730 4058 ideas
755 3995 821 4056 siue
841 3997 982 4055 aeternas
998 4010 1103 4052 rerum
1121 3991 1240 4070 species
1262 4008 1333 4052 ease
1353 3999 1416 4051 sta·

324 4099 458 4171 tuebat,
482 4118 559 4177 quae
583 4118 676 4178 quum
698 4117 755 4179 per
772 4116 808 4158 ae
822 4103 962 4156 extarent
975 4111 1159 4173 omnemque
1174 4095 1415 4172 complecteren-

324 4212 379 4261 tur
404 4203 586 4275 essentiam,
610 4209 711 4262 tamen
734 4220 795 4262 non
818 4201 917 4261 solum
940 4198 1024 4258 inter
1044 4197 1143 4277 ipsas,
1166 4197 1332 4257 sedetiam
1346 4213 1414 4253 cum

324 4304 515 4384 corporibus
529 4305 641 4365 sariam
656 4305 807 4365 baberent
826 4301 1082 4376 coniunctionem,
1102 4309 1170 4359 erat
1182 4300 1242 4359 lroc
1255 4296 1415 4355 decretum

323 4408 502 4482 eiusmodi,
526 4408 611 4487 quod
632 4410 770 4488 ipsorum
793 4407 832 4467 de
853 4407 935 4465 Ente
955 4405 1127 4466 sententiae
1142 4402 1255 4477 mirum
1270 4402 1415 4474 quantum

323 4513 557 4575 adversaretur.
602 4512 774 4575 Videbatur
790 4511 871 4570 enim
883 4509 972 4570 Plato
990 4509 1104 4569 tollere
1129 4501 1244 4573 οὐσίας
1266 4503 1415 4562 unitatem

322 4629 357 4679 et
383 4617 606 4690 constantiam,
636 4634 728 4695 quum
752 4614 864 4675 sariam
885 4631 956 4676 esse
984 4610 1080 4673 vellet
1100 4613 1192 4686 atque
1214 4604 1415 4685 multiplicem
