3775 5442
603 650 609 669 ‘¹
718 648 766 711 ΙΝ
792 647 1117 714 PARMENIDEM.
1192 690 1199 699 -
1395 649 1460 717 m

380 812 439 880 καί
453 820 501 884 καί
526 818 582 879 ἀτιδ
595 817 622 902 ¹)
649 823 704 880 τῶν
729 822 870 899 δευτίρων,
898 825 952 880 τῶν
977 843 1005 878 τε
1032 815 1090 881 οἷον
1117 813 1241 896 ἀδελφῶν
1266 823 1357 893 αότῶς
1377 826 1460 887 ὄντων

380 924 563 999 δαιμόνανλ),
585 926 632 982 καί
652 924 689 981 ἔτι
709 926 762 980 τῶν
782 928 898 1000 μερικῶν
918 929 1012 998 φυγῶν
1031 930 1084 983 τῶν
1104 923 1152 983 ἐπ’
1174 923 1271 993 αότοός
1292 925 1462 1003 ἀνατεινσμί-

380 1046 446 1093 νινε,
468 1025 516 1082 καί
535 1029 688 1101 μετέχονται
710 1025 764 1083 ὑπό
786 1028 884 1084 τοότων
904 1025 1015 1100 ἀτελῶς,
1043 1022 1130 1105 ῶςπερ
1151 1032 1197 1101 τῆν
1217 1030 1340 1106 πρώτην,
1368 1027 1460 1087 ἔπειτα

378 1130 491 1195 τελείως.
535 1128 611 1200 δηλοῖ
630 1130 660 1185 δεΙ
680 1131 727 1200 τῆν
747 1128 824 1201 ἀτελῆ
844 1127 969 1201 μίθεξιν,
991 1129 1026 1197 ῶς
1045 1134 1225 1208 προείπομεν,
1251 1127 1379 1209 ἡπρώτη
1399 1137 1459 1189 ἐπι·

379 1231 477 1306 δημία·
498 1234 544 1303 τῆν
563 1230 593 1288 δέ
611 1235 711 1289 τελείαν
732 1228 747 1302 ῆ
769 1231 912 1295 ἀνανέωσις
931 1231 1028 1304 ἐκείνης
1053 1234 1099 1290 καί
1119 1234 1135 1289 ό
1152 1230 1355 1310 ἀναγνωρισμὸς
1375 1231 1461 1291 καλό

380 1331 525 1408 ἀσπασμός
543 1337 704 1401 τελευταῖος,
725 1334 818 1395 ἕνωσιν
835 1332 883 1389 καί
896 1338 1016 1407 συναφῆν
1036 1335 1188 1411 ἀδιαίρετον
1207 1336 1398 1410 ἐνδεικνύμενος
1413 1335 1460 1393 καί

370 1437 521 1506 Ιειοινωνίαν
540 1441 584 1506 τῆς
607 1441 688 1504 θείας
709 1435 877 1514 εὐφροσύνης.
922 1437 1041 1512 καὶγὰρ
1063 1436 1093 1493 αλ
1117 1437 1229 1508 φυσικαί
1252 1440 1340 1494 πᾶσαι
1360 1441 1460 1495 συστό·

380 1557 435 1602 σεις
453 1538 500 1595 καί
521 1538 551 1595 αἱ
570 1525 684 1612 φὐχικαί
703 1539 769 1608 ζωαί
785 1539 853 1595 κατιλ
872 1542 970 1615 μικρὸν
990 1539 1037 1596 καί
1052 1541 1119 1593 κατά
1137 1560 1195 1593 τινα
1211 1533 1338 1595 εέίτακτον
1359 1532 1458 1596 ἀνοδον

379 1635 595 1716 ἀποκληροῦνται
617 1645 670 1697 τῶν
688 1643 842 1717 κρειττόνων
860 1639 995 1715 ἀγαθῶν·
1026 1639 1073 1694 καί
1095 1641 1202 1713 πρῶτον
1224 1640 1273 1711 μέν
1294 1632 1392 1705 ἀτελῶς
1412 1641 1461 1698 καί
1503 1684 1507 1689 -

378 1738 503 1807 ἀσθενῶς
525 1742 571 1798 καί
593 1742 719 1812 ῆδονικῶς
738 1744 875 1816 μετέχουσι
896 1748 950 1817 τῶν
971 1741 1037 1819 ὑπὲρ
1059 1737 1153 1807 αότός,
1180 1738 1270 1796 ἔπειτα
1291 1744 1393 1807 τελείως
1412 1741 1460 1801 καί

377 1846 531 1919 ἐρρωμένως
557 1844 795 1925 ἀντιλαμβάνονται
823 1850 868 1916 τῆς
887 1847 1027 1918 μεθέξεως.
1061 1837 1129 1899 οὕτω
1149 1864 1191 1899 τοι
1212 1843 1259 1899 καί
1280 1848 1307 1900 ἐν
1328 1843 1359 1922 τῇ
1381 1846 1459 1922 δημι-

379 1947 479 2020 ουργίᾳ
505 1949 613 2022 πρῶτον
638 1945 688 2018 μὲν
716 1937 776 2001 οἷον
802 1944 948 2021 ὖιτογραφῆ
970 1967 1009 2010 τις
1030 1948 1082 2002 τῶν
1110 1942 1187 2000 εἰδῶν
1207 1947 1308 2021 ἑωρῶτο
1329 1947 1392 2023 περὶ
1413 1952 1460 2022 τῆν

376 2038 457 2116 ὕλην,
479 2046 570 2117 ἔπειτα
592 2047 673 2121 ὄγκος
693 2045 739 2102 καί
760 2047 871 2121 δόναμις
889 2051 1045 2123 μορφωτικῆ
1066 2053 1110 2120 τῆς
1131 2040 1208 2119 όλης,
1230 2026 1332 2107 ’ἔπειτα
1353 2071 1459 2126 σχημα-

377 2148 468 2223 τισμοί
489 2152 541 2206 τῶν
563 2148 694 2226 ὅγιιωνλ)
723 2149 770 2206 καί
789 2151 913 2226 μερισταί
935 2149 1100 2226 ἐπιγραφαὶ,
1134 2150 1181 2206 καί
1203 2149 1249 2206 ἐπί
1269 2152 1339 2208 πόσι
1359 2176 1458 2211 παντε-

376 2250 424 2320 λῆς
444 2250 635 2327 διακόσμησις,
658 2252 704 2308 καί
721 2254 839 2327 χορηγία
860 2253 939 2322 ζωῆς,
962 2251 1008 2307 καί
1028 2256 1156 2327 μετουσία
1179 2257 1239 2320 νοῶ,
1262 2255 1308 2310 καί
1329 2260 1458 2328 θεότητος

378 2351 512 2428 ἴλλαμφις.
556 2350 638 2420 οῶτως
658 2339 706 2412 οόν
723 2354 769 2412 καί
791 2354 821 2411 αἱ
836 2354 927 2429 ,φυγαί
948 2358 1003 2430 πρδ
1025 2358 1077 2412 τῶν
1096 2359 1218 2428 μεγιίλων
1240 2356 1286 2411 καί
1301 2358 1334 2412 τά
1356 2358 1457 2436 σμικρά

377 2459 520 2531 μυοῦνται,
543 2456 589 2514 καί
610 2461 665 2534 πρό
687 2461 739 2513 τῶν
759 2458 863 2513 τελείων
883 2459 916 2510 τό
938 2455 1023 2524 ἀτελῆ,
1045 2453 1091 2509 καὶ
1113 2455 1158 2509 ἐπί
1179 2459 1262 2514 πᾶσιν
1283 2457 1373 2524 αὐτοῖς
1394 2480 1458 2516 συν-

376 2561 508 2615 άπτονται
535 2563 590 2623 τοῖς
620 2559 701 2621 ὅντως
728 2559 849 2622 τελείοις,
887 2554 934 2610 καὶ
962 2557 989 2610 ἐν
1021 2551 1110 2618 αὐτοῖς
1140 2555 1277 2632 ἱδρυμέναι
1304 2561 1457 2632 μετέχουσιν

376 2656 533 2736 ἀδιαιρέτως
561 2661 608 2716 καί
636 2660 705 2712 κατὰ
732 2655 824 2711 ένωσιν
845 2655 1021 2722 ἀδιόζευκτον.
1064 2650 1080 2724 ῆ
1101 2657 1130 2712 δέ
1150 2655 1241 2722 ἕνωσις
1262 2655 1355 2724 αὐταῖς
1374 2653 1456 2727 nali

375 2768 484 2834 σαναφῆ
513 2764 558 2818 διό
585 2764 637 2816 τῶν
663 2760 751 2832 με’σων
779 2756 826 2813 καί
855 2749 913 2813 οἷον
940 2755 1072 2831 ὁμογνίων
1093 2755 1170 2813 εἰδῶν
1190 2761 1246 2824 τοῖς
1266 2762 1335 2837 πρός
1355 2759 1374 2816 ἀ
1394 2781 1458 2818 ποι-

373 2873 473 2926 οῦνται
493 2868 540 2934 τῆν
560 2865 690 2933 αυναφῆν.

1592 1571 1628 1683 *,

465 2965 562 3035 ,Καί
582 2967 755 3041 δεομένων
776 2959 868 3037 ῆμῶν
889 2963 1050 3019 διελθεῖν
1070 2963 1153 3029 τσός
1173 2965 1317 3038 λόγους,
1338 2963 1375 3017 τό
1396 2952 1504 3036 μένδῖ

375 3075 551 3150 »πρῶτον
573 3064 686 3135 ῶκνει,
708 3068 798 3124 πολὺ
818 3066 885 3142 γάρ
906 3063 970 3138 ἔφη
991 3063 1099 3142 ἔργον
1121 3059 1232 3123 εἶναι·
1252 3064 1378 3122 ἔπειτα
1400 3064 1459 3138 μέν

376 3196 457 3247 ,,τοι
478 3170 668 3250 διηγείτο.“
692 3170 807 3245 (steph.
826 3165 1006 3246 p.127.A.)'

458 3271 500 3332 ‘H
517 3279 566 3349 μέν
587 3277 673 3346 δέησις
693 3276 746 3328 τῶν
761 3275 950 3346 Κλαζομενίων
971 3273 1108 3347 ἐμφανίζει
1128 3277 1174 3345 τῆν
1194 3275 1312 3348 λιπαρόν
1331 3276 1385 3330 τῶν
1406 3290 1458 3346 wu-

373 3383 434 3449 γῶν
454 3379 566 3449 ἀντογῆν
585 3383 638 3434 τῶν
659 3375 761 3433 οἰκείων
781 3373 931 3451 ἡγεμόνων·
954 3371 986 3430 οό
1003 3379 1057 3452 γάρ
1071 3369 1161 3438 ἀλλως.
1177 3372 1269 3439 αόταῖς
1289 3376 1455 3450 παραγίγνε-

376 3502 425 3539 ται
445 3485 475 3538 τό
495 3483 572 3545 θεοῖς
593 3483 767 3550 συναφθῆναι
787 3478 834 3533 καί
855 3473 871 3546 ῆ
892 3479 959 3549 μεταλ
980 3480 1055 3535 θεῶν
1076 3475 1344 3552 σνμπεριπόλησιςλ)
1374 3468 1389 3545 ῆ
1411 3475 1457 3530 διό

377 3584 477 3640 τοότων
497 3586 550 3639 τῶν
571 3583 722 3655 δαιμόνων·
743 3581 876 3650 ίξέχονται
896 3581 951 3656 γόρ
975 3565 1049 3635 οὗτοι
1069 3581 1122 3634 τῶν
1143 3578 1290 3654 ἐγκοσμίων
1310 3579 1399 3641 θεῶν,
1422 3572 1458 3644 ῶς

378 3708 461 3760 φησιν
482 3684 498 3741 ό
519 3692 547 3743 ίν
571 3685 679 3760 Φαίδρῳ
701 3686 861 3759 Σωκράτης,
890 3667 1014 3760 αίιεαιί)
1043 3683 1072 3739 δέ
1098 3684 1151 3737 τῶν
1177 3679 1326 3753 δαιμόνων·
1356 3674 1459 3752 ῆγεῖται

379 3790 412 3845 δέ
429 3794 472 3860 τῆς
491 3791 644 3864 δεῆσεως“)
670 3791 778 3862 πρῶτον
794 3784 843 3858 μέν
866 3780 995 3860 ῆγνῶσις
1013 3781 1115 3840 αὐτῶν·
1146 3785 1203 3849 πῶς
1222 3785 1276 3857 γάρ
1302 3773 1336 3835 ἀν
1357 3780 1458 3836 δέοιντο

379 3893 493 3959 παίσων,
513 3885 561 3957 σῶς
580 3894 616 3965 μῆ
637 3891 728 3947 εἰδεῖεν
747 3892 839 3955 οἵτινες
858 3887 910 3944 είσέ
929 3887 976 3944 καί
998 3889 1062 3946 οἵων
1077 3881 1169 3949 αὗταῖς
1184 3883 1302 3958 ἀγαθῶν
1317 3879 1459 3959 ῆγεμόνεςς

378 3994 472 4052 ἔπειτα
493 3993 557 4071 ἔργα
578 3999 623 4064 τῆς
644 3990 824 4060 συνουσίαςί)
845 3987 939 4047 αότῶν.
984 3991 1024 4047 δεῖ
1041 3992 1096 4064 γάρ
1116 3988 1163 4045 καί
1188 3985 1336 4064 ὀρέγεσθαι
1360 3985 1459 4043 τούτων

378 4084 418 4155 ῶν
436 4098 571 4171 δεόμεθα·
600 4100 636 4170 μῆ
661 4095 814 4170 ὀρεγόμενοι
838 4096 892 4169 γόρ
913 4084 974 4148 εὗδ’
995 4085 1029 4148 ἀν
1050 4096 1078 4147 έν
1099 4087 1131 4166 τῇ
1152 4091 1221 4150 τόξει
1247 4090 1300 4142 τῶν
1329 4089 1458 4162 δεομένων

379 4203 478 4275 εἴημεν.
522 4199 538 4254 ό
560 4200 589 4255 δί
608 4203 655 4254 τοῦ
673 4191 846 4271 Ἀντιφῶντος
865 4195 943 4260 ὄκνος
965 4194 1054 4251 εἰκόνα
1074 4191 1148 4267 φέρει
1169 4194 1215 4261 τῆς
1236 4193 1289 4247 τῶν
1308 4191 1391 4248 θείων
1413 4185 1458 4245 αί-

450 4473 479 4538 l)
497 4426 579 4524 AJC.
598 4474 631 4523 Ι).
651 4471 710 4526 ὑπό.
728 4437 825 4541 ῥίέἐῖ)
845 4469 874 4522 C.
895 4467 1041 4538 δαιμόνιων.
1061 4494 1094 4505 -
1127 4462 1157 4531 5)
1177 4463 1206 4513 C·
1226 4481 1278 4514 om.
1297 4467 1347 4516 τῶν
1365 4460 1456 4532 όγκῶν.

378 4564 414 4614 l).
433 4562 485 4612 τῶν
503 4558 575 4612 ὀλῶν.
611 4591 645 4599 -
679 4559 712 4624 4)
730 4561 760 4610 Β.
777 4557 946 4629 περιπόλησις.
971 4583 1004 4594 -
1037 4549 1066 4617 ό)
1082 4552 1114 4602 Α.
1134 4548 1218 4602 οὗτοι.
1242 4583 1276 4592 -
1308 4549 1339 4614 6)
1357 4549 1387 4601 Β.
1407 4548 1457 4602 δυ’·

379 4666 452 4708 owe·
488 4674 523 4684 ·-
556 4645 586 4707 7)
603 4648 634 4698 Β.
654 4648 686 4698 1).
705 4650 851 4715 μετουσίας.
1396 4652 1399 4658 ’

1496 3881 1504 3909 λ
