3775 5442
634 623 735 685 slriiser
754 627 906 686 secundas.
950 624 1050 688 Sectis
1065 626 1100 687 ΙΙ.
1263 605 1269 628 ⁶
1348 626 1414 691 m

329 795 494 858 discrima
516 801 567 858 est
590 758 674 859 inter
694 798 853 861 scientiam
876 806 910 862 et
931 801 1149 881 cognitionem,
1173 796 1263 878 quale
1283 798 1323 858 ab
1342 797 1412 862 aliie

332 899 528 979 pbilosophis
555 907 605 961 est
632 903 912 978 constitutum&
950 905 1027 964 Nam
1056 903 1233 976 dialectica,
1262 911 1413 981 quaeest

330 1005 488 1083 cogitandi
521 1004 754 1084 quaerendique
778 1009 874 1084 -quusi
911 1009 1058 1086 magistra
1091 1006 1241 1086 quaedem
1277 1005 1414 1085 ideoque

330 1107 492 1196 scientiam
522 1107 662 1180 adiuvat,
690 1108 766 1169 item
788 1111 942 1169 mentibus
965 1111 1080 1170 nostris
1108 1109 1205 1169 alieri
1232 1109 1299 1171 eius
1328 1109 1413 1188 quod
1455 1188 1458 1198 1

329 1230 405 1272 rere
426 1220 476 1272 est
497 1211 714 1290 cognitionem.
759 1213 949 1290 Quicmquam
972 1233 1032 1274 non
1053 1215 1127 1275 licet
1146 1211 1286 1287 inliciari,
1307 1211 1412 1274 Plato-

330 1332 401 1375 sem
428 1314 523 1375 modo
554 1315 595 1375 de
623 1314 703 1375 ideis
725 1315 771 1375 sic
796 1316 900 1393 loqui,
922 1336 959 1377 sc
986 1318 1139 1378 almerae
1169 1322 1275 1377 essent
1299 1315 1413 1379 mentis

328 1418 486 1491 rstiones,
515 1418 609 1478 modo
639 1418 764 1478 easdem
792 1421 935 1497 posuisse
962 1426 1107 1498 tauquam
1134 1415 1259 1480 naturas
1291 1438 1349 1498 per
1376 1438 1413 1482 se

328 1527 507 1582 constantes
530 1526 624 1599 atque
645 1520 755 1581 animis
778 1521 892 1583 nostris
914 1523 1051 1582 obiectas
1075 1521 1273 1584 extrinsecus.
1305 1521 1411 1584 linim-

328 1642 406 1684 rero
428 1630 597 1703 utrumque
617 1622 821 1702 philosophus
843 1642 901 1702 pro
924 1623 1055 1697 consilii,
1078 1624 1161 1702 quood
1176 1624 1208 1684 iu
1230 1624 1412 1688 disserendo

326 1728 529 1806 sentiebatur,
553 1725 701 1786 varietate
720 1726 894 1787 rectissime
915 1727 1020 1788 iacere
1041 1725 1153 1806 potuit.
1206 1726 1308 1804 Quum
1330 1727 1413 1790 euim

325 1831 421 1891 ideae
458 1847 528 1888 cum
562 1829 675 1889 mentis
707 1827 886 1890 notionibus
914 1828 999 1889 omni
1034 1846 1074 1891 er
1098 1835 1188 1908 parts
1222 1829 1413 1904 conveniant,

325 1931 438 2014 quidni
466 1931 496 1992 ei
522 1931 646 1993 licuerit
673 1931 743 1992 illas
771 1931 864 1993 etism
892 1931 938 1992 sic
965 1933 1181 2007 concidente,
1214 1937 1250 1993 ut
1282 1933 1413 1994 maxime

326 2034 450 2115 logicae
484 2051 590 2098 esraum
625 2033 762 2094 rationes
794 2036 1031 2112 speotsrenturt
1074 2036 1139 2099 Sed
1165 2035 1206 2096 de
1233 2035 1283 2097 his
1318 2054 1413 2115 quum

326 2138 387 2199 ism
409 2155 504 2216 surpra
525 2137 652 2215 copiose
673 2136 715 2198 sit
736 2136 941 2214 disputatum,
974 2155 1055 2201 nuuc
1084 2158 1146 2201 non
1176 2144 1226 2201 est
1246 2157 1302 2199 cur
1323 2139 1412 2217 quid-

327 2259 420 2321 quam
442 2239 632 2301 adiiciamus.
666 2239 757 2318 Quod
779 2246 881 2300 autem
903 2239 1047 2315 diximus,
1069 2242 1163 2302 etiam
1185 2242 1302 2320 logicas
1325 2243 1411 2305 idea-

327 2362 397 2405 rum
425 2342 564 2402 rationes
592 2341 728 2420 spectsri
754 2342 909 2421 potuisse,
937 2343 971 2403 id
993 2361 1051 2403 nos
1073 2344 1233 2418 admonet,
1260 2351 1297 2406 ut
1318 2346 1410 2409 etism

326 2445 369 2506 de
388 2446 439 2506 his
462 2445 578 2524 aliquid
599 2461 802 2522 exponamus,
824 2447 1009 2522 praesertim
1031 2466 1126 2525 quum
1147 2449 1216 2510 eius
1236 2449 1283 2509 rei
1306 2449 1411 2528 dispu-

328 2551 406 2610 tstio
429 2549 470 2608 ad
492 2531 683 2608 Parmenidis
710 2546 945 2630 intelligentiam
975 2549 1115 2611 nonullsil
1136 2551 1239 2611 valere
1259 2551 1410 2613 rideatur.
1528 2626 1531 2633 .

326 2652 491 2714 Ponuntur
510 2651 607 2730 igitur
627 2649 718 2710 ideae
738 2648 899 2710 sl’lstone
919 2651 949 2710 vi
971 2657 1005 2711 et
1025 2656 1135 2710 natura
1155 2671 1212 2712 sua
1233 2660 1411 2716 constantes
1530 2636 1534 2645 “

327 2776 365 2819 se
385 2757 602 2835 sempiternae.
647 2751 738 2830 Quod
760 2757 949 2813 tamennon
971 2753 1015 2812 lta
1035 2753 1270 2831 intelligendum
1293 2762 1351 2828 est,
1374 2774 1411 2816 sc

326 2860 357 2922 si
377 2875 442 2918 ιιοι
467 2857 589 2937 possint
616 2854 700 2915 inter
725 2854 809 2932 ipses
836 2860 944 2914 mutas
969 2854 1092 2916 ratione
1121 2874 1157 2915 ac
1183 2855 1412 2918 necessitudine

329 2960 511 3022 coniuncme
533 2977 613 3020 esse.
656 2956 721 3018 lmo
744 2975 817 3017 vero
838 2962 971 3037 propter
999 2974 1105 3017 eanum
1128 2957 1413 3022 multitudinem-et

326 3063 508 3126 varietatem
530 3080 659 3142 prorsas
680 3078 811 3123 necem
832 3066 897 3134 est,
918 3065 956 3120 ut
975 3059 1138 3139 multiplex
1159 3062 1308 3140 quaedam
1330 3063 1413 3124 inter

326 3188 380 3231 css
402 3167 483 3229 ratio
506 3165 688 3238 intercedat,
711 3183 840 3244 prorsus
863 3171 898 3227 ut
919 3164 1087 3226 observare
1115 3163 1189 3226 lieet
1216 3166 1248 3227 in
1276 3167 1411 3230 notioni-

325 3273 405 3346 aus,
434 3289 511 3350 quas
541 3268 695 3328 mentibus
723 3270 838 3330 nostris
866 3268 1035 3348 impressas
1065 3272 1218 3332 tenemus.
1280 3271 1410 3335 Accedit

327 3374 412 3456 qaod
440 3373 533 3434 etiam
560 3371 600 3431 ad
625 3389 678 3431 rea
705 3369 878 3433 individuas
906 3377 940 3432 et
965 3372 1192 3451 adspectabiles
1219 3372 1408 3450 referuntur,

327 3495 458 3559 qusrum
479 3476 560 3536 ratio
583 3480 615 3535 et
636 3472 842 3535 conformatio
864 3491 903 3534 ex
922 3474 962 3534 iis
975 3479 1043 3534 tots
1060 3474 1268 3554 suspenditur.
1290 3477 1410 3554 Quodsi

326 3582 424 3662 igitur
443 3579 484 3640 ad
505 3578 601 3659 ipsam
622 3595 729 3638 earum
749 3578 809 3638 vim
832 3583 865 3638 et
886 3585 1027 3639 naturam
1048 3577 1240 3657 respicimus,
1263 3585 1335 3640 sunt
1353 3597 1409 3643 ese

325 3702 401 3748 nne
428 3681 655 3756 immutabiles,
686 3686 862 3744 causantes
893 3700 927 3742 ac
954 3681 1170 3761 sempiternae.
1222 3680 1277 3740 Sin
1304 3685 1408 3743 autem

326 3806 397 3850 ears
419 3786 490 3848 silis
511 3792 744 3864 comparantur,
772 3791 826 3846 aut
853 3791 999 3846 externae
1021 3783 1210 3845 condicionis
1232 3782 1336 3842 habits
1355 3800 1405 3841 ra-

325 3892 413 3954 tione
433 3891 609 3953 iudicentur
629 3898 662 3949 et
684 3888 935 3962 considerantur,
963 3887 1047 3968 quod
1068 3887 1168 3966 ipsum
1193 3891 1319 3964 propter
1338 3885 1409 3947 liul-

325 4001 391 4056 tsm
411 3995 550 4074 ipsarum
572 3996 711 4052 usturam
737 3991 808 4052 tisri
835 3997 922 4052 reete
943 3993 1063 4070 potest,
1092 3989 1176 4050 salvs
1201 3988 1254 4050 illa
1281 3996 1409 4051 naturae

326 4117 403 4160 susc
431 4097 603 4158 constantis
630 4095 743 4155 multas
770 4114 806 4157 ac
833 4095 933 4157 ramas
962 4111 1037 4175 prae
1063 4110 1099 4154 se
1129 4091 1237 4154 lerunt
1269 4095 1407 4157 estlones

411 4417 440 4484 ο)
458 4416 568 4484 regnu
589 4414 642 4467 uos
664 4413 729 4465 car.
749 4414 798 4464 rr.
819 4414 967 4466 nm.
993 4418 1020 4467 u
1039 4416 1156 4469 conss
1179 4413 1305 4468 ausas·
1321 4404 1425 4482 musis?

324 4484 402 4556 seph.
420 4503 436 4535 s
454 4485 587 4538 littteras
618 4484 625 4499 ⁸
646 4487 687 4535 tae
705 4483 876 4551 Heidelberg.
895 4484 975 4536 ¹8³5.
1003 4503 1031 4555 p·
1052 4482 1102 4537 48.
1132 4491 1159 4538 et
1175 4484 1252 4539 aliter
1268 4488 1409 4558 explicarit

325 4554 507 4604 Arteman.
528 4553 584 4603 llas
601 4550 627 4602 C
664 4551 765 4603 ‘stlisle
783 4554 819 4602 ιἠι
837 4552 944 4602 Platon.
965 4571 992 4624 p.
1010 4552 1061 4604 ssll
1077 4566 1134 4623 sqq.
1161 4552 1259 4623 quilius
1275 4573 1324 4610 uos
1339 4556 1404 4613 ists·

324 4640 386 4674 ιιι
401 4624 524 4674 ”sentiri
540 4639 593 4677 sou
609 4635 697 4689 pesse.
1348 4628 1351 4633 ·

1186 4711 1229 4772 18

1468 4770 1559 4802 1-
