3775 5442
719 605 804 665 Lilaer
824 611 944 683 primus.
988 611 1089 675 Sestio
1110 615 1146 691 ll.
1435 622 1479 684 66

382 775 447 836 laec
470 776 542 835 loeo
565 796 584 835 a
605 774 790 839 Parmenide
811 788 919 843 contra
940 783 1039 863 ipsius
1067 785 1240 847 doctrinam
1270 786 1475 851 disseruntur.

382 879 454 939 lloc
477 885 581 940 autem
610 879 638 939 si
661 898 723 940 non
744 887 862 945 temere
883 887 1066 962 statuimus,
1095 889 1238 968 quaestio
1262 889 1363 949 oritur
1383 910 1473 961 saue7

381 1002 477 1061 qnam
506 982 665 1059 diillcllls,
701 1007 718 1047 a
752 990 933 1067 quibusnam
966 991 1163 1071 potissimum
1190 992 1388 1074 philosophia
1417 1013 1471 1057 eae

381 1086 619 1147 controversiae
640 1096 743 1150 motae
765 1093 828 1154 siut
849 1098 941 1173 atque
963 1093 1122 1158 mcitatae
1165 1096 1215 1159 Ad
1232 1114 1321 1174 quam
1344 1097 1471 1176 quidem

381 1189 600 1267 quaestionem
626 1191 670 1253 ita
698 1197 890 1275 respendere
925 1197 1123 1271 conabimur,
1159 1202 1194 1256 ut
1226 1217 1346 1261 rursus·
1369 1201 1470 1280 ipsum

382 1294 548 1353 Platonem
573 1313 739 1375 aequamur
771 1299 891 1361 ducem.
945 1300 1071 1363 Etenim
1099 1300 1226 1363 minime
1252 1304 1471 1385 negligendum

380 1396 573 1459 arbitramur
592 1397 688 1473 illud,
718 1403 803 1480 quod
823 1403 981 1466 Eleatieus
1003 1404 1150 1485 magister
1176 1404 1220 1465 ita
1241 1405 1402 1487 disputans
1422 1409 1469 1469 iu·
1596 1396 1602 1413 '

380 1501 526 1575 ducitur,
549 1508 584 1565 ut
605 1521 699 1581 quum
720 1510 790 1564 arte
810 1505 985 1570 disserendi
1005 1527 1062 1570 sua
1083 1508 1216 1587 primum
1229 1508 1316 1572 ideas
1336 1511 1470 1573 sustrde-

381 1605 439 1677 rit,
477 1614 582 1666 umen
608 1605 733 1667 easdem
763 1614 869 1670 extare
898 1611 983 1673 ultro
1011 1611 1174 1685 concedat,
1214 1619 1308 1691 atqua
1329 1615 1408 1676 adeo
1430 1615 1468 1675 iia

380 1709 514 1769 mblatla
544 1708 720 1771 seientiam.
734 1730 902 1792 rerumque
932 1714 1141 1794 cognitionem
1170 1732 1292 1775 omnem
1315 1716 1469 1777 sublatum

380 1812 419 1873 iri
448 1812 596 1873 fateatur.
650 1815 726 1893 Quis
754 1820 803 1875 eat
832 1816 913 1876 enim
941 1815 1092 1877 historiae
1124 1815 1343 1897 philosophiae
1364 1817 1468 1896 paullo

381 1915 531 1995 peritior,
553 1914 628 1995 qnia
649 1918 681 1978 ln
702 1917 751 1977 nn
774 1919 878 1981 statim
899 1918 1131 1999 Megaricorum
1153 1919 1267 2000 placita
1289 1926 1322 1980 et
1343 1918 1469 1981 decreta

383 2020 550 2099 agamcati
606 2018 834 2101 Megaricorum
866 2029 970 2085 antem
1004 2027 1111 2102 partes
1141 2021 1359 2083 Parmenidcm
1392 2021 1467 2083 satis

380 2123 544 2184 commode
566 2141 677 2203 agere,
700 2124 768 2202 quis
790 2131 840 2184 est
861 2127 934 2205 quin
956 2133 1106 2204 protenus
1130 2125 1304 2206 largiatur?
1347 2125 1411 2187 Sed
1433 2129 1468 2185 nt

377 2227 493 2288 elarius
515 2234 682 2306 appareat,
704 2227 779 2305 quid
801 2229 848 2289 rel
869 2230 926 2303 sit,
960 2246 1091 2307 quanam
1111 2227 1262 2308 Megarici
1284 2248 1353 2291 aum
1375 2228 1466 2291 Elea-

376 2330 457 2393 ticis·
478 2330 709 2392 necessitudine
734 2330 852 2392 fuerint
880 2331 1053 2409 coniuncti,
1085 2339 1119 2393 et
1146 2331 1223 2411 quid
1244 2351 1315 2394 eum
1335 2332 1466 2395 Platone

377 2434 498 2513 negotii
527 2433 713 2507 habuerint,
746 2437 851 2514 penula
884 2434 1088 2496 declaraviase
1122 2435 1249 2499 iurabit.
1304 2436 1351 2497 lta
1383 2435 1466 2496 euim

375 2539 472 2599 etiam
501 2536 563 2599 hoc
590 2537 813 2617 perspicietur,
852 2559 909 2601 cur
928 2538 976 2599 illi
997 2539 1083 2601 ideas
1105 2537 1243 2601 Platonis
1266 2539 1378 2601 tollere
1399 2543 1464 2601 stu·

376 2642 521 2715 duednt,
544 2647 576 2702 et
598 2661 654 2702 cur
676 2641 874 2703 Parmenides
896 2642 1023 2704 easdem
1049 2641 1198 2704 scientiae
1225 2648 1257 2702 et
1279 2640 1462 2722 cognitionis

374 2746 479 2828 gratia
500 2762 561 2806 aon
582 2745 738 2807 tollendas
759 2765 830 2807 esse
850 2749 976 2806 statuat.

464 2842 574 2925 lta'qua
593 2848 758 2928 Megarici,
781 2866 912 2927 qraerum
940 2847 1111 2926 principem
1137 2848 1237 2907 inisse
1258 2852 1378 2907 constat
1400 2845 1462 2903 Err-

380 2949 516 3021 elidem,
538 2949 715 3029 discipulum
738 2950 876 3012 Socratis
897 2969 933 3009 ac
954 2949 1156 3021 familiarem,
1183 2930 1392 3008 Eleatieorum
1414 2964 1463 3003 ra-

380 3052 500 3111 tionem
514 3071 579 3112 cum
593 3053 753 3132 discipline
764 3053 923 3114 Socratica
941 3052 1130 3131 coniungere
1146 3050 1340 3111 studuerunt
1373 3046 1462 3123 Quod

376 3157 582 3235 quantiano
609 3156 758 3228 iecerint,
786 3157 956 3235 optandum
977 3162 1043 3230 est,
1073 3163 1107 3216 ut
1137 3155 1253 3217 certius
1280 3150 1463 3233 pleniusque

377 3278 534 3339 exponere
555 3260 682 3334 liceret,
706 3279 795 3338 qnam
817 3260 849 3320 in
871 3266 957 3320 tauta
978 3258 1225 3321 testimoniorum
1248 3254 1376 3337 perraria
1393 3253 1461 3313 fieri

378 3370 493 3442 potest.
537 3366 726 3443 Qtramquaru
750 3365 832 3423 enim
854 3382 953 3443 nuper
976 3364 1127 3444 lleylasius
1150 3362 1310 3443 praeclaro
1326 3377 1399 3419 sane
1414 3357 1461 3416 in-

376 3467 489 3526 stituto
523 3486 630 3527 eorum
665 3467 838 3546 l'ragmnnla
874 3468 984 3527 sedule
1019 3466 1202 3544 euriquisirit
1230 3471 1322 3541 atque
1350 3461 1461 3541 placita

375 3571 561 3641 illustrarit3
591 3578 694 3630 tamen
715 3590 751 3629 ex
775 3571 842 3630 istis
864 3571 1024 3643 ornatibus,
1047 3569 1363 3648 qrraecollectasnnt,
1387 3563 1461 3642 qttid

377 3675 423 3735 illi
446 3674 488 3734 de
509 3693 614 3734 rerum
636 3674 793 3753 principiis
814 3674 984 3747 senserint,
1006 3674 1055 3733 rix
1076 3673 1195 3732 incerta
1216 3670 1393 3731 coniectura
1414 3685 1458 3726 aa·

376 3779 527 3856 ¹sequaris.
580 3779 625 3838 Ile
653 3779 784 3839 lldclide
812 3778 898 3837 locrus
927 3783 977 3837 cst
1005 3776 1216 3838 memorabilis
1246 3774 1336 3851 lliog.
1357 3769 1459 3831 Laiirt.

376 3882 411 3942 ΙΙ.
435 3879 510 3941 tou.
558 3870 807 3955 (linternensi
832 3880 1060 3961 Παρμενίδεια
1081 3873 1314 3961 μετεχειρίζετο
1329 3907 1386 3929 -·
1409 3860 1459 3933 οὗ·

377 4006 435 4057 τας
459 3983 500 4043 ἓν
522 3975 568 4043 τὸ
592 3975 768 4064 clyalldn
792 3980 996 4069 ἀπεφαίνετο
1019 3982 1156 4053 πολλοῖς
1179 3972 1323 4058 ὀνόμασι
1343 3969 1458 4040 undou-

375 4102 495 4165 μενων·
526 4082 581 4149 ὁτὲ
603 4086 663 4166 με’-ν
685 4078 749 4170 γὰρ
774 4078 1001 4171 φρόνησιν,
1023 4079 1078 4146 ὁτὲ
1093 4084 1126 4146 δὲ
1146 4076 1247 4155 θεόν,
1269 4081 1325 4183 καὶ
1341 4072 1460 4140 ἄλλοτε

378 4191 494 4257 ναῦν,
518 4190 572 4251 καὶ
596 4182 639 4249 τὰ
665 4181 781 4253 λοιπά·
814 4181 855 4250 τὰ
878 4188 913 4249 rie
934 4185 1145 4268 ἀντικείμενα
1167 4187 1215 4266 τῷ
1233 4180 1363 4267 ἀγαθῷ
1385 4172 1459 4262 ‹irpi-

376 4314 442 4369 qne,
477 4284 523 4372 με)
558 4288 639 4356 εἶναι
672 4285 818 4376 (priunum.
868 4292 977 4368 ltaque
1004 4290 1070 4364 hic,
1097 4290 1220 4351 Laertio
1251 4291 1349 4357 teste,
1378 4278 1461 4358 quod

375 4394 578 4455 Parmenides
607 4396 698 4457 Mutis
727 4394 851 4455 numine
878 4395 1102 4472 appellaverat,
1126 4390 1316 4457 Socraticam
1337 4388 1462 4444 secutus

374 4500 547 4571 rationem,
570 4499 616 4557 sel
641 4498 772 4570 doraum,
794 4499 843 4558 sel
866 4500 1038 4571 rationem,
1061 4496 1111 4555 acl
1129 4492 1318 4573 sapientium
1336 4487 1462 4548 vocarit

373 4603 546 4665 Enimvero
575 4604 721 4665 Socrates
749 4622 901 4663 summum
931 4602 1044 4663 bouum
1073 4602 1104 4660 iu
1127 4616 1187 4657 una
1215 4595 1320 4675 posuit
1342 4592 1465 4655 virtrrte.
