3775 5442
872 379 1048 421 ‚f

701 668 786 728 biber
807 672 924 732 tartiua:
964 667 1065 730 Sectio
1087 670 1122 731 ll.
1153 668 1160 681 '
1384 671 1448 733 aei

366 839 405 904 (l.
425 838 476 903 ur.
495 839 652 903 Hermann
675 841 720 901 lle
742 841 880 905 Socratie
903 844 1059 923 magistris
1081 863 1116 904 ac
1140 841 1302 922 disciplina
1322 842 1448 903 iuvenili

367 942 528 1024 blarburg.
559 943 651 1004 leat.
680 945 710 1005 4.
747 963 778 1024 p.
801 943 853 1007 47.
917 945 980 1007 Sed
1011 945 1159 1025 quidquid
1181 944 1229 1004 rei
1252 949 1317 1018 eat,
1348 963 1450 1024 neque

366 1048 449 1108 enim
477 1048 510 1110 ld
538 1047 657 1128 agimur
684 1046 746 1108 boc
771 1052 930 1126 tempore,
968 1049 1046 1110 lllnd
1081 1049 1206 1127 quidem
1241 1047 1448 1110 certissimum

364 1158 510 1230 putamur
531 1167 603 1210 eece
624 1156 716 1229 atque
738 1149 1017 1226 evidentiaeimum,
1040 1169 1178 1213 causeam
1201 1155 1234 1210 et
1260 1149 1448 1212 reridmllli·

365 1271 445 1313 mam
467 1257 500 1312 et
519 1253 649 1313 maxime
670 1253 825 1326 idoneam,
849 1271 904 1313 cur
925 1253 1013 1315 Plato
1035 1254 1195 1315 Socratem
1218 1253 1447 1316 adolescentem

366 1354 426 1414 lam
454 1362 526 1416 ante
553 1356 684 1417 multum
712 1361 834 1434 tempua
866 1375 935 1416 cum
964 1376 1039 1418 aene
1065 1356 1249 1417 Parmenide
1282 1357 1448 1419 convenire

366 1457 504 1532 innuerit,
525 1460 556 1519 in
579 1460 647 1538 lpao
670 1459 745 1520 libri
766 1467 947 1537 argumento
970 1461 1136 1535 contineri,
1164 1461 1279 1540 qnippe
1299 1459 1383 1539 qaod
1405 1457 1450 1521 alt

367 1560 539 1634 eiusmodi,
567 1569 602 1622 ut
631 1567 666 1620 et
687 1560 823 1621 Socratis
845 1564 1050 1639 praesentiam
1073 1564 1242 1644 flagitaret,
1270 1572 1303 1623 et
1322 1562 1448 1624 Parme·

364 1662 433 1722 nidi
455 1665 570 1741 primae
592 1661 770 1741 diapntaadi
790 1670 897 1742 partes
919 1665 1047 1726 attribui
1068 1664 1222 1727 euaderet:
1244 1666 1351 1745 Neque
1366 1666 1449 1728 enlm

365 1771 489 1826 temere
524 1785 593 1827 cum
625 1765 746 1829 Tireod.
773 1765 901 1846 Rergilo
929 1766 1150 1828 commentatt.
1223 1768 1269 1829 Ile
1297 1767 1450 1847 Reliqnlle

364 1868 559 1930 Comoediae
583 1869 707 1930 Atticae
726 1886 757 1947 p.
779 1868 830 1929 80.
862 1868 933 1930 coll.
955 1868 1027 1931 858.
1052 1856 1287 1934 existimandum
1309 1877 1359 1932 eat
1380 1869 1451 1931 Pia-

363 1979 474 2032 tooem
502 1971 533 2033 iu
563 1971 612 2033 bia
639 1971 735 2033 rebna
762 1977 826 2032 tam
853 1971 986 2033 licenter
1014 1980 1189 2053 graaeatum
1211 1993 1291 2050 eree,
1315 1978 1350 2034 ut
1370 1966 1450 2034 tcm'-

362 2092 477 2154 pornm
504 2074 641 2137 rationea
669 2075 832 2136 arbitraria
858 2094 894 2136 ac
920 2093 1021 2155 paene
1048 2076 1216 2138 libidinose
1244 2075 1450 2157 pervertentia

364 2176 452 2256 quod
471 2195 547 2237 aene
567 2177 672 2238 fuerat
692 2177 886 2239 intolerabile
906 2178 1043 2239 maurum
1065 2181 1255 2259 aequalibua.

451 2279 608 2358 Sequitur,
626 2285 661 2340 nt
683 2280 723 2340 dc
737 2282 865 2343 Zenone
877 2281 1040 2344 dicendum
1054 2284 1106 2358 eit,
1118 2275 1221 2362 'quem
1242 2282 1448 2364 pbiloaopbua

364 2383 432 2443 aeni
453 2382 630 2444 Parmenidi
657 2384 795 2446 adiunxit
821 2385 949 2448 socium.
1004 2386 1104 2464 Quem
1133 2387 1258 2465 quidem
1287 2387 1315 2448 ai
1342 2392 1448 2465 partea

364 2485 568 2548 Eriatioorum
591 2488 673 2566 apud
693 2487 854 2549 Platonem
877 2506 971 2567 agere
992 2489 1200 2567 nuptarum,
1233 2490 1278 2550 iia
1304 2496 1340 2551 ut
1369 2498 1450 2569 quae

364 2590 405 2651 de
437 2609 476 2652 eo
503 2597 684 2667 narrantur,
718 2591 809 2652 etiam
841 2589 881 2649 ad
909 2588 969 2648 boa
997 2590 1226 2667 quodammodo
1260 2592 1448 2672 pertineant,

363 2693 481 2756 babere
508 2695 599 2756 nobie
627 2694 768 2754 ridemur
795 2692 887 2752 bnina
914 2693 1087 2754 cententiae
1115 2700 1242 2756 nostrae
1270 2712 1393 2755 caueaaa
1415 2697 1449 2752 et
1546 2678 1549 2685 ’

363 2805 545 2878 “sumente
567 2815 628 2858 non
650 2795 876 2875 improbabilia.
905 2794 1027 2874 Quippe
1040 2795 1126 2855 Zeno
1149 2795 1240 2857 alenti
1256 2794 1449 2856 Parmenidla

367 2902 492 2963 decreta
521 2902 612 2962 unice
638 2898 903 2978 amplexabatur,
918 2897 962 2958 ita
990 2897 1142 2978 Megarici
1174 2899 1234 2958 toti
1268 2917 1304 2958 er
1332 2897 1449 2958 Eleatia

366 3004 551 3086 pendebant,
575 3021 757 3083 quamquam
780 3021 889 3064 eornm
910 3000 1059 3086 peitatem
1083 3019 1140 3062 auo
1164 3002 1298 3080 quodam
1321 3019 1356 3060 ae
1377 3018 1450 3079 pro·

362 3109 435 3192 prio
456 3109 550 3170 modo
572 3105 788 3166 informabant.
852 3104 953 3166 Porro
976 3105 1234 3184 quemadmodum
1255 3106 1342 3172 Zeno
1365 3121 1451 3164 acer-

361 3216 442 3275 rimo
470 3210 576 3276 atndio
604 3210 783 3271 versabatur
809 3209 842 3270 in
873 3208 1059 3286 dialecticia,
1093 3214 1130 3270 ut
1165 3229 1183 3270 a
1216 3209 1322 3270 multia
1357 3208 1450 3270 buina

361 3318 440 3377 artie
468 3333 580 3395 parena
607 3314 733 3375 babitus
762 3313 818 3385 ait,
846 3312 942 3372 veluti
972 3331 990 3372 a
1021 3311 1115 3373 Sexto
1145 3311 1236 3390 Emp.
1258 3312 1327 3377 adv.
1349 3311 1449 3372 Matb.

363 3419 428 3482 Vll.
450 3420 481 3481 7.
504 3419 632 3497 Diogen.
655 3417 754 3477 bairi.
777 3415 829 3477 lX.
852 3415 904 3475 25.
917 3414 988 3477 coll,
1010 3413 1089 3475 Vlll.
1104 3413 1166 3485 57,
1190 3414 1235 3473 eie
1255 3416 1303 3475 illi
1326 3434 1449 3495 quoqne

362 3531 451 3585 tanto
481 3521 653 3601 flagrabant
680 3517 855 3600 disputandi
883 3517 1014 3590 ardore,
1044 3523 1078 3578 ut
1100 3523 1221 3576 mature
1242 3515 1463 3578 Eriatieornna·

365 3645 478 3688 nomen
501 3626 676 3703 acciperent
688 3622 731 3702 *).
765 3623 842 3682 Nam
864 3614 922 3679 iam
945 3618 1278 3694 inEuclide,.ecbolae
1300 3619 1448 3699 principe,

364 3729 529 3791 cavillandi
558 3730 674 3790 rabiem
704 3726 822 3788 notavit
848 3724 940 3785 Timo
969 3723 1185 3804 Sillograpbne
1215 3721 1295 3802 apud
1319 3719 1472 3800 Diogen'

363 3833 466 3898 baert.
486 3832 523 3895 ll.
548 3832 619 3895 lot.
650 3838 682 3893 et
711 3832 866 3911 Diogenen
894 3827 1094 3907 Sinopeuaie,
1135 3827 1188 3906 qui
1213 3829 1297 3888 terte
1325 3821 1450 3885 merda

364 3937 415 4000 Vl.
443 3937 496 3998 ai.
563 3931 742 3998 Εὐκλείδου
776 3926 900 4017 σχολήν
933 3933 1016 3994 ealee
1058 3930 1236 4012 appellabat
1268 3922 1450 3991 Eleusinae

364 4034 480 4123 χολήν.
515 4039 580 4101 Nec
601 4057 671 4099 eum
693 4040 762 4119 lpee
782 4040 927 4100 Socraten
950 4055 1011 4096 uon
1034 4033 1214 4116 perstrinxit
1235 4031 1297 4093 boe
1316 4029 1451 4093 nomiae.

363 4144 394 4206 la
416 4144 509 4218 enim,
532 4148 567 4204 ut
587 4145 637 4202 eat
658 4141 741 4220 apud
761 4140 863 4203 Lairt.
883 4141 920 4202 ll.
936 4140 999 4216 tn,
1023 4135 1110 4221 ὁρῶν
1133 4131 1315 4213 Εὐκλείδην
1336 4138 1449 4196 ἐσπου-

365 4241 497 4310 δακότα
519 4246 594 4328 περὶ
616 4236 695 4317 τοὺς
717 4235 901 4325 ἐριστικοὺς
924 4237 1064 4324 λόγους,
1092 4228 1119 4302 ὦ
1141 4234 1316 4314 Εὐκλείδῃ,
1338 4233 1450 4314 inquii,

366 4358 545 4438 σοφισταῖς
567 4348 626 4429 μὲν
649 4340 771 4434 δυνήσῃ
790 4347 962 4429 χρῆσθαι,
991 4337 1191 4426 ἀνθρώποις
1221 4339 1256 4404 δὲ
1288 4335 1449 4419 οὐδαμῶς.

366 4453 410 4516 nt
431 4452 521 4515 Plato
544 4470 668 4532 quoqne
689 4451 773 4513 band
795 4449 861 4513 ecio
883 4466 923 4509 au
943 4447 1106 4509 Euclidem
1132 4445 1261 4523 eiusque
1281 4442 1451 4505 familiare

434 4673 460 4737 Ἴ
476 4670 510 4721 V.
530 4671 621 4740 Denda
638 4671 671 4723 de
688 4669 828 4740 Megaride
847 4686 874 4739 p.
892 4667 961 4734 iaq.
