3775 5442
467 663 532 735 Μ
797 664 888 752 ‘liber
909 664 1024 727 tertiun
1067 661 1168 723 dectio
1190 660 1225 724 ll.

470 835 512 901 de
532 855 569 898 ee
581 853 618 899 re
632 839 720 898 iente
739 835 921 916 opinionum
941 837 1092 900 verietate
1111 840 1162 896 eat
1182 834 1399 913 disceptatum,
1420 835 1457 892 nt
1478 831 1554 911 quid
1610 902 1615 914 ¹

468 948 589 1004 rechem
610 939 670 1013 eit,
701 939 775 1019 quid
796 940 926 1014 inicum,
955 940 1028 1003 illue
1049 939 1078 1002 ai
1098 937 1223 1014 eudiee,
1254 954 1410 1016 nunquem
1431 936 1474 998 nia
1495 936 1554 998 oln-

468 1060 562 1109 eonrc
587 1042 794 1120 divinaturun,
826 1044 942 1106 nedum
971 1042 1131 1106 evidenter
1161 1041 1380 1105 intellecturue
1406 1044 1460 1104 ent
1480 1058 1554 1121 per·

470 1153 645 1226 epoctnrue.

777 1510 1101 1593 'Sentio
1151 1517 1202 1588 11.

515 1691 560 1749 Da
582 1690 727 1766 personia.
749 1708 824 1768 que
846 1693 1049 1768 colloquentes
1072 1692 1256 1747 inducuntur
1277 1689 1371 1764 deque
1393 1688 1513 1744 ecenico

910 1796 983 1851 libri
1004 1805 1119 1852 cenete.
1325 1798 1328 1805 ’

556 1962 758 2025 versabimur
783 1971 886 2025 eutem
912 1965 945 2026 in
967 1965 1028 2026 hoc
1049 1970 1232 2046 argumento
1255 1960 1418 2023 tractnndo
1439 1960 1496 2037 nic,
1519 1964 1557 2021 ut

469 2068 605 2148 primum
627 2083 752 2145 agemus
773 2043 823 2126 de'
835 2068 990 2146 pereonlr,
1012 2087 1092 2149 quae
1112 2068 1327 2146 colloquentes
1356 2063 1555 2136 induceretur,

472 2169 574 2250 deque
603 2173 714 2230 ornetu
742 2168 817 2230 libri
842 2171 980 2231 ocenico:
1010 2171 1125 2232 delude
1152 2170 1290 2232 dicamne
1320 2168 1360 2231 de
1383 2164 1557 2232 dienerendl

470 2275 593 2337 untione
613 2271 646 2333 in
667 2289 706 2333 eo
728 2271 911 2351 conspicue,
935 2292 1015 2353 quoe
1037 2273 1180 2354 quonium
1202 2271 1368 2352 singularia
1391 2278 1441 2334 eet
1460 2270 1557 2334 mexi-

471 2389 584 2454 rnopue
611 2375 731 2437 diver-ea
756 2393 777 2434 a
801 2375 961 2440 Socratico
988 2378 1044 2438 iiio
1073 2375 1251 2456 disputandi
1272 2393 1378 2449 more,
1410 2392 1503 2455 quem
1524 2372 1557 2436 in

353 2475 363 2499 ‘
472 2477 543 2540 eliie
563 2475 701 2539 Platoni·
729 2476 855 2558 eoriptie
877 2468 1056 2558 erprenaum
1079 2479 1252 2553 cernimur,
1274 2477 1460 2557 peculiarem
1482 2493 1558 2540 eane

472 2579 607 2660 requirit
626 2580 858 2655 tractationem,
886 2582 1047 2644 difficilem
1070 2581 1196 2663 quidem
1223 2583 1325 2656 iliam,
1353 2579 1410 2643 ned
1441 2586 1556 2649 temen.

437 2698 441 2712 “
472 2689 509 2747 ut
530 2682 652 2762 peridem
674 2700 844 2764 operamne,
865 2686 1044 2767 nentiquam
1065 2685 1207 2748 inutilem
1229 2690 1282 2747 eut
1300 2701 1556 2767 nuperreceneam
1597 2755 1599 2759 ¹

473 2785 622 2865 futuram,

559 2890 650 2969 Quod
677 2890 774 2970 igitur
799 2890 833 2951 in
866 2890 980 2951 celeria
1007 2890 1148 2953 Plutonia
1176 2890 1307 2971 dlnlogin
1329 2891 1447 2952 fectum
1468 2887 1556 2953 eido·

473 3012 552 3068 mure,
574 3002 610 3055 ut
631 2994 752 3056 scenico
776 2992 909 3072 quodam
931 3001 1081 3073 apparatu
1102 2993 1246 3055 instructi
1268 2995 1340 3069 nint,
1363 2998 1398 3055 ut
1419 2994 1556 3055 hebeent

473 3098 550 3169 loci,
580 3097 633 3157 ubi
660 3114 712 3156 ren
738 3097 855 3176 egitur,
883 3095 1147 3175 designationem,
1177 3100 1213 3157 ui
1243 3115 1394 3176 perronae
1421 3096 1455 3157 in
1483 3114 1555 3158 con-

472 3207 612 3277 npectum
647 3202 789 3258 nostrum
831 3197 1004 3276 producent
1041 3197 1157 3261 indolie
1191 3204 1224 3260 et
1255 3200 1371 3279 ingenii
1407 3199 1558 3261 varietate

472 3318 601 3380 promus
623 3299 662 3359 ad
683 3298 786 3378 ipeum
807 3302 961 3364 nermoula
983 3309 1197 3381 argumentum
1225 3302 1455 3364 accommodate
1482 3320 1556 3363 cen-

473 3403 605 3483 epicuna‚
629 3402 762 3483 denique
783 3409 818 3464 ut
839 3403 907 3483 ipna
927 3404 1097 3486 disputetio
1118 3405 1269 3468 liberiore
1293 3406 1443 3484 procedet
1464 3424 1557 3468 cureu

474 3508 653 3587 enimoaque
682 3509 850 3586 legentium
876 3509 910 3572 in
935 3511 1034 3574 verine
1062 3514 1167 3588 parter
1196 3508 1299 3588 rapiet
1328 3513 1361 3570 et
1382 3508 1462 3571 mira
1483 3526 1558 3588 qua·

474 3609 545 3671 dem
574 3610 722 3672 cretionis
751 3613 901 3674 serenitate
932 3613 1077 3676 delinitoe
1105 3613 1262 3692 inopinate
1296 3630 1402 3674 rerum
1430 3629 1557 3676 conver·

474 3713 564 3776 alone
590 3721 735 3793 tanquam
762 3718 950 3795 περιπετείᾳ
987 3717 1116 3794 quedam
1143 3715 1248 3787 initat3
1292 3734 1330 3776 ea
1358 3715 1460 3777 omnin
1488 3714 1558 3776 iere

384 3796 387 3806 ¹
475 3817 569 3879 etiem
590 3815 623 3878 ln
644 3815 827 3879 Permeuide
848 3818 892 3878 ite
912 3819 1055 3879 instituta
1077 3838 1148 3881 eane
1170 3838 1262 3881 uerno
1284 3820 1428 3898 negabit,
1452 3836 1558 3896 quem-

475 3938 566 4000 qnam
598 3916 768 4000 nimpll'eior
803 3928 850 3982 eet
890 3928 1017 3982 oruetue
1044 3905 1230 3985 dramaticus
1263 3927 1356 4002 etque
1389 3921 1558 4000 disputatio

474 4025 644 4100 nicomedi,
671 4024 849 4105 ni·“epretie
870 4023 932 4087 illie
962 4027 1114 4089 aermonin
1136 4027 1316 4106 ambagibus
1337 4031 1370 4089 et
1391 4025 1559 4086 verborum

472 4126 741 4191 trememtem
773 4136 935 4191 accuratae
969 4137 1001 4191 et
1027 4131 1149 4192 nubtiiie
1183 4130 1362 4192 dialecticen
1399 4111 1559 4207 anguatiea

474 4231 679 4294 contineatur.
729 4231 935 4297 Nihilominus
965 4240 1067 4295 autem
1089 4237 1186 4297 multe
1207 4238 1288 4307 nunt,
1311 4250 1391 4313 quae
1413 4232 1464 4293 nei
1484 4249 1559 4314 prn-

473 4339 546 4413 pter
574 4334 771 4396 insolentiam
793 4353 880 4396 auem
907 4338 956 4398 vel
978 4344 1109 4418 propter
1130 4337 1370 4411 obscuritatem,
1404 4354 1464 4414 qua
1485 4353 1558 4417 prc-

473 4444 609 4510 rnuutur,
630 4438 714 4500 viror
737 4438 846 4499 ductos
867 4440 998 4503 mirilico
1019 4440 1225 4502 offenderunt.
1249 4440 1328 4519 Quid
1352 4439 1437 4519 quod
1458 4457 1560 4519 nuper

475 4537 633 4604 &cherua
662 4543 694 4602 iu
725 4542 844 4602 exordii
873 4542 1035 4607 ieiunitate
1063 4545 1183 4606 scilicet
1204 4548 1297 4620 atque
1319 4543 1458 4606 exilitate
1479 4543 1559 4605 aden

474 4641 594 4722 heenlt,
622 4651 658 4709 ut
683 4650 784 4738 totum
811 4644 925 4718 librum
951 4667 1011 4730 pro
1039 4647 1129 4713 foetu
1156 4646 1360 4729 euppnalticio
1382 4646 1559 4711 habendum

409 4804 476 4815 ⁴—
