3775 5442
371 666 440 730 ’8211
692 665 778 725 luber
798 667 911 724 tertius.
955 663 1056 724 Scetio
1080 660 1127 721 ill.

377 857 414 898 re
435 837 585 916 exposuit,
608 853 677 896 oum
699 836 814 899 uostris
836 852 1014 915 comparere
1035 835 1198 896 soluerint.
1252 830 1454 910 Sagacisslnse

378 943 459 1001 enlm
488 941 534 999 sir
560 940 670 1001 doctus
702 941 747 1001 ibi
780 939 970 1012 observavit,
1006 938 1172 998 deliniendi
1201 935 1455 996 consuetudinem

378 1043 429 1104 sel
449 1042 495 1102 illi
517 1042 631 1122 placito
653 1043 879 1123 Megaricorum
902 1043 1078 1114 adversari,
1101 1059 1162 1119 quo
1184 1039 1378 1111 statuebant,
1402 1039 1455 1098 uni

379 1148 540 1225 eidemque
567 1146 614 1206 rei
635 1146 743 1225 plures
771 1146 989 1207 attributiones
1018 1162 1080 1204 non
1111 1142 1289 1214 convenire,
1312 1141 1455 1220 quonlam

380 1249 514 1328 slioquin
538 1250 596 1310 sila
618 1249 764 1309 erederet
785 1249 852 1310 eiua
874 1257 983 1309 natura
1004 1253 1097 1324 atque
1117 1245 1214 1306 ratio·
1240 1244 1456 1305 Antistbeaem

381 1353 503 1434 quidem
532 1358 620 1413 certe
645 1358 767 1411 constat
795 1351 878 1413 idem
909 1351 1067 1411 decretum
1090 1349 1325 1426 amplectentem
1347 1365 1458 1407 revera

381 1454 567 1515 delinitionis
591 1472 679 1514 usum
700 1454 922 1534 repudiasbse,
944 1452 985 1513 da
1007 1470 1068 1531 quo
1083 1450 1457 1532 Aristotelesbletapbys.

380 1556 419 1618 V.
438 1557 489 1618 29.
532 1556 610 1619 Vlll.
632 1554 662 1617 d.
713 1558 801 1635 Quae
828 1557 953 1637 quidem
980 1555 1070 1617 uobis
1098 1553 1312 1634 reputantibus
1334 1560 1457 1616 etcum

370 1661 429 1736 lis,
442 1680 530 1740 quaa
551 1666 641 1721 antea
662 1666 736 1720 sunt
756 1662 916 1739 explicata,
939 1658 1196 1721 contendentibus
1217 1656 1383 1719 admodum
1405 1676 1457 1717 se-

379 1765 510 1825 risimile
536 1766 672 1837 videtur,
695 1763 907 1824 Platonemln
936 1763 995 1824 bac
1027 1780 1207 1842 quoquere
1227 1760 1457 1841 Megaricorum

380 1869 552 1945 exemplum
574 1874 714 1928 secutum
735 1882 815 1928 esse.
843 1867 965 1946 Quippe
987 1864 1147 1944 explicarit
1167 1864 1221 1925 ille
1241 1864 1302 1926 boc
1322 1865 1354 1924 in
1375 1864 1457 1925 libro

379 1988 465 2028 suam
487 1969 584 2047 ipsius
607 1970 778 2030 doctrinam
800 1971 853 2042 ita,
876 1976 911 2028 ut
932 1988 1000 2028 am
1022 1987 1090 2029 cum
1107 1968 1314 2028 Eleatlcornm
1337 1968 1458 2028 mtlonc

368 2071 410 2130 iu
434 2088 526 2130 arnum
549 2073 740 2133 coniunxerit
761 2074 901 2150 adeoque
921 2090 997 2133 usus
1019 2073 1061 2133 sit
1082 2089 1196 2150 genere
1218 2070 1392 2132 disserendi
1418 2070 1458 2131 ad

379 2172 503 2235 illorum
532 2174 786 2235 cousuetudinem
817 2175 987 2255 prudenter
1015 2181 1230 2254 attemperato.
1288 2175 1350 2237 Sed
1379 2194 1457 2256 quo-

379 2275 460 2337 nlam
482 2277 559 2337 bsec
579 2277 732 2338 sententia
753 2294 813 2339 uua
836 2277 944 2337 nititur
965 2279 1151 2349 coniectura,
1175 2279 1271 2340 setius
1286 2299 1355 2342 esse
1372 2280 1458 2341 ride-

380 2384 432 2440 tur
460 2380 639 2458 exquirere,
673 2400 730 2440 cur
755 2380 960 2460 pbilosopbus
991 2380 1158 2442 definiendi
1190 2383 1392 2444 subtilitatem
1426 2384 1457 2444 in

380 2483 441 2544 boc
461 2484 540 2544 libro
563 2492 743 2563 aspernatus
764 2485 815 2544 ait.
876 2484 918 2544 lit
938 2502 1075 2545 corrasam
1099 2484 1223 2563 quidem
1246 2486 1336 2548 buius
1358 2487 1405 2546 rel
1425 2488 1458 2547 iu

381 2593 505 2666 promtu
527 2587 685 2650 habemus.
742 2586 863 2648 Etenim
886 2588 1037 2661 tamilla,
1061 2607 1151 2667 quam
1174 2589 1336 2667 expremit,
1358 2588 1458 2649 disse·

379 2691 470 2751 rendi
497 2691 577 2751 ratio
605 2699 698 2770 atque
725 2690 826 2751 iorma
853 2691 925 2751 talis
947 2697 1014 2765 cst,
1052 2697 1086 2751 ut
1113 2710 1181 2752 cum
1210 2697 1352 2750 accurrate
1380 2690 1458 2751 defl-

379 2796 485 2855 uleodl
514 2796 674 2874 diligentia
702 2794 865 2855 commode
890 2795 1061 2855 consistere
1088 2804 1229 2875 nequeat.
1274 2794 1457 2854 Notiouibus

380 2900 461 2959 enlm
489 2917 594 2959 rerum
621 2899 849 2960 tractandarum
875 2897 907 2957 ln
929 2897 1119 2976 quaestionis
1141 2896 1293 2976 principio
1315 2906 1404 2957 recte
1425 2904 1458 2958 et

371 3003 542 3081 perspicue
564 3002 698 3063 delinitis
721 3002 805 3060 nullu
829 3005 919 3077 pactu
941 2999 1011 3060 lieri
1033 3008 1174 3079 poterat,
1197 3009 1232 3061 ut
1253 2999 1456 3060 Eiristicorum

379 3106 508 3166 artificia
530 3111 615 3165 tanta
636 3101 912 3164 verisimilitudinis
941 3102 1044 3181 specio
1074 3105 1114 3165 ob
1138 3106 1245 3167 serulus
1266 3110 1458 3181 ponerentur

380 3224 438 3265 nec
461 3213 561 3265 tamen
582 3205 641 3285 ipsi
663 3205 785 3265 ueritati
807 3204 973 3283 quidquam
996 3205 1222 3269 detraheretur.
1256 3206 1343 3267 lianc
1363 3208 1459 3286 igitbr

369 3326 517 3368 'caussam
539 3307 636 3369 irrisae
656 3315 815 3388 putamus,
849 3326 904 3368 cur
926 3308 1131 3389 pbilosoplrus
1154 3311 1243 3369 etiam
1267 3309 1328 3370 buc
1349 3309 1379 3369 iu
1403 3328 1458 3388 ge-

379 3430 454 3471 nere
475 3430 493 3470 a
515 3431 602 3473 more
622 3431 679 3475 suo
702 3419 795 3492 atqua
816 3412 1040 3473 consuetudine
1069 3414 1257 3492 aliquantum
1280 3413 1458 3474 recesserit.

381 3515 488 3593 Neque
515 3523 617 3575 tamen
646 3515 707 3575 boc
733 3514 775 3573 lta
803 3512 943 3575 facturus
975 3513 1093 3589 luerat,
1130 3517 1190 3575 nlsi
1219 3515 1297 3576 illud
1334 3533 1459 3596 quoque

380 3616 480 3678 careri
502 3637 595 3699 posse
616 3616 754 3689 vidisset,
778 3635 917 3695 nequae
939 3618 1171 3697 explicavisset,
1195 3637 1231 3677 ea
1253 3618 1291 3676 ab
1315 3619 1383 3677 aliis
1406 3623 1458 3677 aut

381 3721 504 3782 omnino
532 3741 593 3782 nou
620 3721 869 3798 intelligerentur
897 3728 951 3790 aut
984 3739 1093 3801 parrum
1120 3728 1206 3780 recte
1234 3719 1457 3797 acciperentur.

380 3824 470 3904 Quod
499 3831 535 3885 ut
562 3831 707 3903 appareat
740 3841 887 3902 quorsum
914 3825 1069 3904 pertineat
1096 3831 1150 3883 aut
1177 3822 1250 3902 quid
1279 3821 1339 3881 sibi
1372 3823 1457 3892 velit,

372 3929 539 3989 'Platonem
561 3929 738 3988 meminisse
759 3926 908 3988 debemus
938 3945 1013 3989 susc
1034 3926 1145 3999 aetati,
1181 3927 1245 3986 suis
1268 3925 1458 4004 aequalibus,

295 4068 300 4078 .
379 4031 443 4092 suis
466 4031 599 4110 denique
621 4030 824 4092 iamiliaribus
846 4031 1018 4110 scripsisse,
1042 4030 1094 4110 qul
1116 4030 1374 4110 pbilosophorum
1392 4032 1459 4109 opi-

380 4136 487 4215 niones
515 4135 577 4194 illia
603 4135 795 4214 temporibus
824 4134 954 4197 maxime
981 4134 1153 4195 celebratas
1181 4133 1307 4194 minime
1333 4132 1458 4211 ignora-

378 4244 451 4299 rent
472 4239 633 4318 ipsiusque
654 4238 765 4317 placita
787 4254 849 4296 non
871 4237 996 4296 minime
1018 4254 1054 4297 ox
1077 4243 1167 4317 porte
1188 4237 1311 4316 cognita
1333 4241 1366 4295 et
1389 4254 1458 4314 per-

379 4346 486 4420 specta
513 4340 675 4403 habereut.
723 4342 837 4417 Quales
866 4340 990 4418 quidem
1010 4339 1159 4401 bomiues
1181 4341 1282 4400 animo
1305 4340 1459 4420 lingentes

379 4443 464 4503 nullo
492 4442 585 4503 modo
618 4440 808 4515 dubitamus,
840 4442 913 4521 quin
942 4442 1148 4523 philosophus
1170 4451 1258 4504 recte
1280 4442 1459 4516 sperauerit,

380 4562 415 4604 se
442 4546 493 4619 ld,
522 4546 605 4624 quod
634 4544 694 4605 slbi
720 4545 950 4624 proposuisset,
987 4546 1078 4607 facile
1114 4564 1184 4607 esse
1212 4554 1458 4607 consecuturum.

380 4644 440 4725 Qui
469 4647 549 4707 euim
579 4654 682 4707 mente
709 4649 812 4710 sobria
839 4668 897 4710 uec
930 4649 1147 4729 praeiudicatis
1180 4649 1378 4728 opinionibus
1407 4655 1460 4707 aut
