3775 5442
485 610 526 671 le
570 629 572 638 ·
816 607 903 666 biber
923 608 1042 684 primus.
1085 603 1185 664 Sectio
1208 604 1229 665 Ι.

487 780 624 862 Sopbiat.
646 778 760 860 0212.
781 777 818 840 1).
851 783 947 857 atque
967 777 1155 839 Aristoteles
1175 775 1253 838 Met.
1273 775 1326 843 111.
1347 777 1395 851 4.,
1423 796 1465 838 00
1485 796 1569 839 com-

487 902 655 947 memorem
682 883 769 946 alios.
819 881 885 944 Nec
912 881 1057 962 proiecto
1084 878 1179 954 uiuo,
1213 878 1307 942 modo
1335 880 1492 943 subtiliter
1520 900 1571 940 ca.

489 988 605 1067 piatur,
641 987 680 1048 ab
708 986 775 1047 eius
802 988 907 1047 mente
935 990 969 1046 et
996 982 1150 1046 sententia
1176 981 1347 1047 abhorrere
1373 986 1569 1049 arbitramur.

489 1093 566 1155 Nam
594 1082 634 1154 τὸ
661 1080 705 1152 ’ὄν
733 1087 812 1150 illud
839 1087 1032 1149 Parmenidis
1064 1093 1096 1147 et
1130 1103 1252 1146 omnem
1286 1089 1410 1150 omnino
1446 1085 1572 1164 οὐσίαν,

382 1207 384 1211 ’
489 1195 586 1275 ipsius
607 1191 719 1253 iudicio
742 1190 833 1251 unice
854 1210 911 1253 suo
933 1189 1059 1251 nornine
1081 1188 1219 1267 dignam,
1241 1188 1273 1252 10
1292 1210 1328 1250 00
1346 1191 1572 1271 complectitur,

491 1304 523 1358 ct
543 1315 600 1377 per
621 1313 655 1356 se
677 1294 778 1375 ipsum
801 1301 849 1356 est
871 1313 965 1355 unum
987 1298 1081 1372 01000
1103 1291 1248 1371 simplex,
1284 1293 1366 1371 quod
1395 1293 1481 1354 nulla
1496 1314 1573 1374 par«

489 1400 567 1463 tium
596 1398 745 1460 varietate
773 1417 809 1459 ac
835 1395 1034 1458 multitudine
1063 1395 1230 1457 discretum
1259 1396 1300 1457 sit
1328 1416 1363 1458 ac
1384 1396 1574 1459 sliatinctum.

491 1505 686 1586 Quamquam·
711 1520 773 1562 non
799 1500 913 1563 iniuria
938 1504 988 1560 eat
1014 1498 1203 1573 dubitatum,
1243 1515 1316 1559 num
1344 1500 1471 1563 Eleates
1504 1500 1575 1579 ipsa

491 1596 601 1668 eadem
616 1606 677 1669 ista
693 1602 846 1679 formula,
870 1622 961 1684 qnam
980 1593 1346 1680 postea'lrequensaruut
1367 1603 1420 1682 qui
1443 1603 1483 1665 (le
1506 1604 1574 1665 0100

492 1710 612 1772 ratione
634 1715 860 1788 exposuerunt,
881 1708 914 1768 in
935 1704 1071 1767 carmine
1092 1724 1149 1766 suo
1171 1725 1301 1784 nsquam
1322 1726 1397 1769 usus
1416 1708 1467 1771 sit.
1510 1708 1574 1768 Scrl

491 1813 553 1875 boc
574 1817 730 1891 utcunque
750 1830 786 1871 se
806 1809 918 1880 babet,
940 1825 1041 1886 neque
1059 1808 1142 1868 enlm
1160 1794 1193 1869 ixl
1208 1809 1326 1888 agimus
1340 1810 1402 1871 hoc
1422 1816 1574 1891 tempore,

491 1915 569 1978 illud
591 1914 717 1993 quidem
738 1932 775 1972 ex
797 1912 853 1984 iia,
875 1928 955 1988 quae
976 1910 1190 1990 exposuimus,
1211 1911 1331 1990 liquido
1353 1931 1575 1993 apparerem-

493 2018 663 2089 bitram'ur‚
696 2000 911 2076 Parmenidem
940 2003 979 2073 τὸ
1008 2004 1049 2076 ὅν
1076 2032 1165 2074 suum
1191 2032 1250 2075 nec
1275 2014 1316 2075 de
1337 1999 1427 2077 coelo
1456 2034 1513 2078 nec
1534 2017 1576 2079 ‹le

494 2120 554 2183 ura
580 2127 638 2206 aaa
670 2117 710 2178 aa
731 2116 810 2178 runs
831 2114 971 2177 Platonis
993 2134 1051 2177 nea
1072 2114 1113 2174 ue
1134 2114 1229 2176 rarus
1252 2133 1357 2178 rerum
1380 2101 1575 2199 autpertum

493 2224 569 2286 lium
596 2220 734 2283 voluisse
764 2218 911 2297 intelligi,
945 2217 978 2279 10
1008 2238 1076 2298 qna
1101 2220 1254 2280 sententia
1288 2221 1404 2283 murltcs
1431 2221 1529 2283 luisse
1556 2242 1576 2284 e

493 2322 648 2387 Branrllsil
668 2323 844 2385 narratione
864 2341 895 2401 p.
911 2320 973 2382 153
994 2341 1062 2400 000.
1084 2321 1194 2384 iliacas.
1243 2325 1313 2385 Non
1334 2326 1436 2387 minua
1457 2333 1576 2388 certum

494 2435 654 2511 putamus,
686 2427 864 2506 neutiquam
900 2444 971 2486 eum
1004 2424 1197 2489 intellexisse
1228 2429 1447 2503 substantiam,
1485 2447 1576 2509 quarn

494 2533 587 2613 vulgo
609 2530 782 2611 appellant,
805 2548 884 2608 quae
905 2532 939 2587 et
959 2526 1117 2588 materiam
1140 2537 1172 2591 et
1182 2530 1242 2591 vim
1256 2532 1389 2593 divinam
1402 2549 1459 2611 per
1470 2549 1576 2593 rerum

496 2622 727 2698 univenitatem
748 2638 924 2711 pertentam
946 2632 1224 2712 complecteretur,
1261 2635 1306 2696 ite
1331 2639 1367 2697 ut
1394 2634 1454 2696 τοῦ
1477 2625 1576 2708 ὄντος

496 2739 621 2802 nomine
642 2722 739 2799 totam
759 2753 864 2796 rerum
887 2741 1026 2796 naturam
1049 2735 1335 2816 comprehenderit:
1367 2737 1399 2797 in
1427 2756 1488 2816 qua
1509 2737 1578 2817 opi-

496 2844 589 2906 nione
609 2841 809 2903 vehementer
823 2838 970 2899 miramur
984 2837 1083 2899 luisse
1097 2838 1305 2902 acutissimum
1316 2839 1413 2901 virum
1429 2842 1578 2902 eundem-

496 2963 557 3024 que
571 2944 793 3027 doctissimum,
816 2940 1033 3003 commentatt.
1044 2942 1159 3005 Eleatt.
1172 2951 1329 3007 auctorem
1345 2962 1375 3023 p.
1388 2944 1450 3005 lto
1461 2950 1494 3005 et
1505 2944 1576 3008 1⁸1.

474 3049 561 3110 luro
581 3048 651 3122 ille,
682 3047 709 3108 si
730 3046 805 3125 qulrl
826 3045 932 3120 video,
964 3046 1142 3124 generalem
1164 3043 1279 3120 οὐσίας
1300 3047 1360 3106 vim
1383 3052 1416 3106 et
1437 3053 1578 3107 naturam

496 3152 529 3212 10
549 3152 652 3212 enimc
673 3146 886 3223 informatam,
908 3149 959 3209 cni
979 3157 1081 3208 tamen
1106 3153 1261 3209 externam
1282 3147 1392 3230 tribuit
1404 3149 1577 3227 veritatem,

497 3258 532 3314 ut
559 3270 638 3330 qnae
667 3250 870 3330 aequabiliter
896 3270 954 3331 per
981 3251 1083 3312 omnia
1110 3256 1195 3314 esset
1224 3249 1354 3325 diffusa,
1387 3253 1448 3314 τοῦ
1477 3243 1578 3328 ὄντος

497 3355 620 3417 nomine
646 3354 779 3434 intelligi
805 3355 917 3428 voluit,
957 3355 1091 3434 ideoque
1112 3372 1216 3415 rerum
1238 3354 1430 3417 mutabilium
1453 3362 1485 3416 et
1505 3374 1579 3436 per-

497 3464 608 3537 petuae
637 3437 839 3520 vicissituslini
864 3458 1071 3520 subiectarum
1093 3464 1231 3518 naturam
1253 3458 1293 3517 ab
1316 3475 1371 3532 eo,
1400 3459 1483 3536 quod
1504 3479 1579 3522 rere

498 3564 596 3633 esset,
618 3561 776 3620 subtiliter
798 3566 830 3621 et
851 3568 1030 3622 constanter
1041 3560 1188 3621 distinxit
1231 3556 1348 3621 Verum
1366 3559 1427 3621 iam
1445 3561 1578 3642 antiqui·
1615 3544 1619 3551 ¹

491 3665 548 3722 ‘tau
560 3663 718 3742 perspexit
730 3664 1066 3743 egreginsArietotelis
1076 3664 1251 3743 interpres,
1274 3663 1462 3744 Simplicius,
1485 3667 1578 3727 Com·

496 3771 624 3826 menter.
646 3764 686 3826 erl
707 3766 801 3847 Phys.
823 3768 880 3831 101.
901 3767 931 3830 b.
954 3786 985 3846 p.
999 3768 1029 3830 2.
1051 3767 1107 3831 iol.
1130 3763 1201 3831 ul.
1221 3764 1282 3834 iol.
1298 3768 1393 3833 112.
1415 3766 1579 3830 101101.

496 3867 552 3929 101.
566 3868 617 3931 21.
630 3869 660 3932 2.
686 3868 741 3933 101.
755 3871 852 3933 etl.
879 3869 935 3932 101.
950 3869 1000 3932 el.
1012 3871 1041 3933 l.
1064 3871 1102 3934 al.
1152 3869 1255 3948 Atque
1283 3872 1360 3935 baec
1388 3873 1416 3935 si
1435 3891 1508 3934 vere
1528 3872 1577 3932 iu-

438 4035 440 4039 ,
497 3972 680 4047 dicavimus,
714 3973 788 4052 quid
821 3975 861 4035 de
894 3973 1023 4051 reliquia
1058 3975 1116 4035 viri
1149 3974 1272 4055 placitis
1300 3978 1342 4039 sit
1369 3974 1577 4049 statuendum,

495 4075 615 4138 facilius
644 4076 737 4138 etiam
767 4069 983 4158 perspicietur.
1041 4078 1112 4140 Etsi
1139 4079 1220 4139 enim
1247 4081 1373 4142 Eleates
1403 4098 1457 4139 ens
1487 4094 1578 4137 surum

495 4178 592 4240 voluit
613 4196 683 4241 esse
704 4172 856 4243 inlinitum
878 4180 1033 4260 001110οι00
1052 4186 1227 4262 temporum
1246 4190 1299 4244 aut
1311 4184 1450 4246 locorum
1463 4178 1576 4240 finibus

495 4281 774 4361 circumscriptum
811 4292 914 4346 tamen
942 4283 1087 4362 qnoniam
1115 4303 1239 4364 semper
1265 4287 1351 4350 idem
1376 4291 1408 4346 et
1438 4286 1578 4344 emetat

494 4390 649 4460 maneret,
684 4386 804 4447 formae
830 4385 919 4464 qnasi
949 4386 1071 4449 vinculo
1099 4390 1298 4450 constrictum
1329 4406 1400 4451 esse
1420 4384 1580 4453 indicavit,

494 4486 572 4546 Nam
597 4487 667 4566 ipse
693 4505 720 4550 0.
738 4489 780 4549 oo
801 4492 834 4548 et
855 4506 922 4566 sqq.
954 4487 998 4549 lta
1025 4488 1066 4551 de
1092 4490 1142 4552 his
1158 4491 1263 4552 rebus
1294 4491 1393 4550 canite
1444 4481 1577 4551 Ταύτόν

495 4583 565 4650 τ’ἐν
584 4583 698 4669 caetu
720 4605 754 4651 τε
766 4591 866 4668 μένον
880 4586 963 4654 καθ’
979 4584 1079 4655 ἑαυτό
1097 4614 1133 4657 ra
1146 4600 1261 4657 κοῖται.
1305 4584 1417 4665 Οὕτως
1434 4591 1576 4674 ἔμπεδον
