3775 5442
472 635 514 695 tl
786 630 872 689 Liber
893 631 1013 707 primus.
1056 629 1156 687 Sestio
1179 627 1223 686 li'.

472 805 613 880 dumus,
634 803 701 881 lllo,
721 803 806 883 quod
819 804 903 864 idem
915 819 1070 876 voramus,
1095 817 1189 867 riuum
1203 796 1420 875 tolleretur*).
1449 797 1553 875 Atque

473 928 511 971 er
531 908 582 970 lrls
597 913 714 988 sponte
734 905 952 984 ooaoequitur,
975 909 1010 965 ut
1031 903 1077 976 ei,
1100 903 1184 980 quod
1200 921 1291 963 uuum
1310 906 1375 976 est,
1397 914 1455 963 ueo
1467 900 1552 962 siml

472 1013 573 1076 litudu
595 1011 698 1100 aliqua
718 1028 776 1070 uee
796 1007 1017 1070 dissimilitudo
1040 1006 1136 1066 tribui
1157 1012 1243 1065 reete
1265 1004 1381 1083 possit,
1409 1002 1553 1082 quoniam

473 1134 511 1176 ea
534 1115 633 1189 ratio,
669 1133 728 1192 qua
755 1112 829 1192 quid
858 1117 912 1172 aut
936 1110 1020 1171 idem
1052 1116 1102 1170 est
1123 1114 1176 1169 aut
1198 1109 1368 1182 diversum,
1396 1106 1488 1184 plane
1513 1105 1553 1164 ab

473 1218 557 1281 illius
583 1221 693 1278 natura
720 1216 871 1276 abhorret
884 1213 944 1290 tl).
995 1212 1135 1274 Eandem
1157 1213 1197 1273 ob
1221 1231 1358 1281 caussam
1380 1228 1474 1271 uuum
1497 1226 1555 1270 uec

473 1323 601 1400 aequale
627 1326 682 1379 out
712 1318 891 1397 inaequale,
925 1317 1023 1378 maius
1052 1320 1106 1376 sut
1136 1315 1255 1390 miuus,
1289 1315 1354 1379 sive
1386 1312 1425 1375 ad
1455 1318 1555 1374 semet

473 1428 575 1506 lp'sum
595 1423 661 1518 slve
683 1421 722 1482 ad
743 1421 826 1503 aliud
848 1419 922 1499 quid
944 1424 1156 1499 eomparatur,
1179 1418 1329 1496 appellari
1350 1415 1457 1479 licebit
1471 1414 1552 1492 ¹m).
1595 1444 1599 1462 ·

474 1527 557 1608 Quid
570 1525 663 1607 'quod
684 1543 742 1585 uer
761 1524 912 1604 temporis
934 1523 983 1585 sel
1012 1541 1081 1583 eum
1109 1521 1169 1582 alia
1191 1520 1332 1600 qrupiam
1354 1539 1390 1580 re
1411 1519 1459 1579 vel
1483 1536 1555 1580 eum

474 1637 574 1693 semet
601 1630 670 1709 ipsu
698 1627 792 1688 ullam
820 1627 955 1689 sustinet
981 1623 1264 1705 comparationem?
1318 1622 1436 1702 Quodsi
1471 1622 1553 1683 euim

474 1734 604 1794 eandem
631 1729 777 1792 referret
794 1729 944 1809 temporis
974 1729 1142 1802 milonem,
1178 1745 1257 1805 quae
1282 1727 1346 1788 sel·
1362 1726 1415 1787 alil
1436 1725 1483 1787 rei
1504 1726 1554 1785 vel

474 1838 535 1916 ipsi
561 1839 646 1897 esset
674 1833 816 1912 propriu
855 1832 1023 1910 aequalitas
1037 1890 1039 1894 ,
1055 1836 1109 1891 aut
1142 1829 1312 1891 similitudo
1346 1829 1497 1908 temporis
1524 1829 1554 1888 ei

474 1938 671 2010 oraverint,
705 1954 796 2013 quam
821 1936 974 1995 rationem
994 1932 1089 1994 modo
1112 1933 1243 1995 vidimus
1266 1936 1304 1994 ab
1326 1950 1365 1994 eo
1387 1951 1458 1993 esse
1479 1933 1554 1994 alie-

397 2063 404 2071 ·
475 2059 555 2103 uam.
598 2037 653 2100 Sin
674 2042 778 2098 autem
799 2037 849 2098 vel
870 2040 970 2097 semet
992 2035 1091 2114 ipsum
1113 2038 1163 2098 vel
1184 2037 1270 2098 aliud
1291 2035 1366 2115 quid
1378 2039 1480 2095 aetate
1502 2055 1555 2097 su-

474 2147 601 2225 peraret
621 2148 674 2200 aut
693 2139 796 2201 eidem
818 2138 1018 2203 irroratione
1041 2141 1185 2213 eederet;
1212 2140 1352 2201 futurum
1370 2156 1444 2200 saue
1458 2144 1554 2216 esset,

475 2251 512 2306 ut
540 2244 571 2304 ei
598 2242 761 2306 diversitas
789 2242 955 2306 tribuenda
976 2241 1152 2318 videretur,
1180 2244 1215 2304 id
1236 2243 1322 2322 quod
1343 2242 1556 2322 superioribus
1615 2260 1619 2264 ·

476 2346 605 2409 mirilice
626 2346 807 2407 adversatur
820 2344 872 2426 †).
915 2347 1002 2424 Quae
1025 2366 1117 2425 quum
1138 2347 1182 2406 lta
1197 2344 1275 2419 siut,
1297 2364 1338 2406 ue
1352 2349 1474 2423 tempus
1488 2346 1557 2422 qul-

475 2453 547 2515 dem
568 2451 601 2511 iu
621 2467 717 2509 unum
738 2449 965 2523 montolium,
988 2449 1071 2528 quod
1092 2454 1200 2511 ustura
1222 2467 1277 2510 aus
1299 2449 1342 2510 ltu
1364 2454 1412 2509 est
1432 2467 1556 2526 eompa-

476 2561 595 2626 ratum,
612 2557 659 2613 ut
685 2570 744 2612 nea
770 2558 889 2614 masmt
915 2556 1019 2614 rotate
1045 2569 1103 2614 uer
1130 2553 1297 2614 decrescat.
1352 2551 1398 2612 Aa
1425 2551 1558 2630 prolude

476 2658 535 2719 uuo
554 2656 588 2715 lu
608 2653 760 2733 temporis
781 2655 885 2735 aliquo
915 2655 1017 2736 spatio
1044 2672 1114 2718 esse
1144 2655 1279 2734 poterit3
1311 2653 1447 2734 alioquin
1474 2654 1576 2721 enims

477 2768 509 2822 et
531 2758 590 2820 allii
605 2751 644 2819 ³at
665 2755 732 2818 aliis
753 2757 848 2818 relus
870 2757 928 2820 hae
949 2759 1071 2821 ratioua
1091 2758 1194 2822 simile
1220 2763 1273 2819 aut
1301 2757 1450 2820 dissimile
1472 2766 1557 2820 esset

476 2881 656 2935 erasmum,
692 2859 775 2939 quod
806 2859 877 2924 lieri
903 2880 966 2925 uou
987 2881 1080 2944 posse
1106 2862 1167 2924 iam
1195 2865 1267 2923 aute
1288 2861 1477 2942 disputatum
1499 2868 1557 2923 est.

477 2965 598 3046 Quippe
618 2964 696 3027 ulhll
718 2970 768 3027 est
787 2966 936 3044 temporis
959 2967 1130 3047 particeps,
1152 2965 1226 3046 quin
1248 2967 1386 3025 mutetur
1406 2970 1440 3026 et
1456 2970 1557 3027 aetate

477 3070 526 3128 vel
548 3074 698 3148 augeatur
717 3066 767 3126 rel
788 3064 977 3129 diminuatur
990 3067 1063 3150 st).
1105 3067 1209 3145 Atque
1230 3085 1267 3126 ex
1288 3066 1338 3127 his
1351 3074 1464 3144 sponte
1485 3085 1558 3129 eou-

475 3169 634 3247 aequom,
654 3174 690 3226 ut
711 3184 805 3226 usuum
826 3185 884 3230 usa
905 3171 976 3231 lieri
994 3187 1129 3247 uuquam
1150 3189 1208 3230 nee
1225 3174 1327 3230 ortum
1344 3185 1415 3227 esse
1434 3187 1492 3229 ueo
1507 3188 1558 3230 ex-

477 3269 607 3330 titurum
628 3267 731 3346 putari
753 3276 905 3347 oporteat.
949 3272 1032 3350 Quid
1053 3272 1137 3350 quod
1159 3291 1199 3333 ue
1219 3292 1290 3334 esse
1312 3270 1435 3358 quidem
1454 3272 1558 3335 diceu-

477 3370 552 3440 lum
580 3369 658 3446 erit,
692 3371 940 3451 quandoquidem
961 3373 1023 3436 hue
1043 3376 1145 3454 iprum
1166 3395 1235 3436 esso
1255 3373 1405 3455 temporis
1426 3375 1557 3454 aliquam

477 3476 630 3538 ntiouam
651 3474 753 3536 loom
774 3474 891 3538 habere
912 3477 1065 3559 signifieat
1079 3479 1174 3561 †††).
1218 3479 1304 3540 llaee
1324 3483 1427 3539 autem
1444 3479 1470 3540 si
1486 3498 1558 3547 vere

478 3579 622 3642 aorolmr
643 3582 731 3653 suut,
750 3597 920 3640 unwanum
932 3582 1002 3644 erit
1046 3580 1122 3644 Nam
1137 3600 1237 3643 uuum,
1249 3581 1277 3645 si
1290 3590 1391 3655 esset,
1414 3582 1558 3661 proieoto

479 3699 548 3744 oeae
566 3680 695 3741 iudieari
718 3687 887 3761 oporteret.
931 3684 994 3746 lam
1016 3703 1088 3748 vero
1111 3705 1203 3747 uurrm
1226 3705 1283 3748 nee
1303 3704 1401 3746 urnam
1421 3703 1560 3747 neeesse

479 3783 649 3847 dloeudum
666 3790 715 3845 est
726 3782 848 3863 ††††).
892 3789 1050 3867 Quidquid
1060 3792 1164 3852 autem
1180 3807 1242 3849 nou
1253 3795 1319 3863 est,
1341 3787 1375 3848 id
1386 3806 1445 3849 uee
1460 3789 1558 3866 ipsum

549 4001 577 4065 i)
596 4000 665 4059 ibid,
683 3999 713 4049 11.
731 4000 809 4051 (1.1).
847 4004 921 4061 ‚illie
932 4005 1109 4073 Eiqonrelsafl
1122 4003 1169 4053 dor
1184 4001 1315 4056 latentioris
1336 4007 1371 4057 iat
1387 4006 1430 4055 riu
1448 4022 1497 4054 our
1514 4003 1561 4053 der

483 4069 528 4121 W
527 4067 562 4119 rit
580 4067 623 4117 des
643 4070 753 4118 Dareine
771 4070 917 4121 crollelmter
933 4073 1052 4141 qurr'ff,
1078 4072 1161 4122 durch
1185 4071 1236 4121 deu
1259 4072 1307 4122 dus
1330 4073 1399 4122 Eius
1416 4072 1494 4122 selbot
1511 4072 1559 4121 'seo‘-

481 4136 704 4237 thulcrqaqnq
714 4137 812 4202 firodea
828 4139 927 4189 wurdt.
938 4149 957 4170 ‘⁶
995 4141 1049 4191 cu.
1069 4160 1096 4210 p.
1111 4140 1178 4191 Mil.
1197 4144 1228 4189 Α.

550 4210 560 4234 ο
605 4206 613 4229 b
735 4204 744 4238 1
777 4234 810 4242 ,-

521 4205 578 4336 ’**))
594 4204 625 4321 Ι1).
642 4203 712 4320 fiii.
724 4205 762 4322 lii
776 4303 808 4313 -
821 4206 1006 4326 lilio-&lgna
1024 4274 1087 4325 loeo
1106 4275 1222 4326 iudieure
1242 4275 1321 4327 libuit
1332 4310 1352 4330 .-
1367 4277 1490 4342 quostiam
1508 4295 1560 4343 qua

482 4341 704 4411 argaruentalioue
722 4358 753 4389 ex
769 4347 928 4410 praegressis
947 4345 1037 4412 colligi
1055 4345 1209 4412 potuerint,
1228 4345 1304 4395 sutile
1322 4350 1438 4413 apparel.

549 4410 579 4474 ·¹s)
599 4409 627 4456 Ρ.
646 4405 714 4458 ltu.
731 4407 761 4456 E.
776 4439 809 4447 -
822 4409 885 4461 lli.
907 4417 937 4463 Α.

533 4477 584 4542 Η)
602 4476 631 4525 l’.
652 4474 715 4526 ill.
734 4479 764 4525 A.
786 4506 812 4515 -
828 4480 861 4529 D.

577 4545 632 4604 )l'.
652 4543 715 4593 tlt.
737 4547 767 4594 1).
787 4546 817 4595 li.
886 4598 889 4603 ,

577 4611 634 4673 )1’.
654 4612 718 4664 lli.
743 4613 775 4663 E.
