3775 5442
395 617 456 676 112
536 619 538 622 ’
727 616 810 673 Liber
830 617 948 691 primur.
991 612 1091 673 Sentio
1112 616 1147 673 V.

392 786 515 849 inimice
538 786 710 848 disserens:
738 779 828 857 οἷον,
849 785 965 865 inquit,
989 782 1065 859 ἴσως
1082 777 1120 846 τὸ
1143 777 1183 850 ὃν
1204 777 1227 864 ἢ
1247 779 1287 849 τὸ
1309 787 1344 851 ἓν
1366 782 1474 851 πολλοὶ

392 891 561 971 σημαιίνει,
582 881 668 950 ἀλλὰ
690 885 745 948 καὶ
770 881 789 947 ὁ
810 880 1075 972 ἀποκρινόμενος
1097 888 1153 952 καὶ
1177 886 1343 972 ὁὲρωτῶν
1358 884 1475 968 Ζήνων

392 993 427 1057 iv
456 987 606 1076 οἰόμενος
633 984 717 1052 εἶναι
744 982 909 1072 ἠρώτησε·
941 988 1006 1053 ναὶ
1042 989 1132 1054 ἔστιν
1159 985 1178 1053 ὁ
1207 984 1323 1073 λόγος,
1360 984 1414 1054 ὅτι.
1440 993 1475 1054 ἓν

392 1091 515 1161 πάντας
537 1113 575 1155 ex
589 1112 656 1172 ¹quo
678 1093 749 1154 loco
771 1080 982 1171 r'urplcemur,
1004 1091 1167 1154 Plutonem
1189 1093 1248 1155 lrrc
1268 1097 1301 1157 in
1321 1095 1472 1157 reZeuo-

390 1202 440 1262 uir
460 1199 589 1259 Electre
609 1197 783 1276 exemplum
805 1197 846 1257 ob
870 1197 978 1258 oculor
999 1194 1162 1259 hebuierec
1192 1198 1232 1257 de
1257 1217 1318 1277 qur
1338 1216 1375 1259 re
1392 1198 1475 1259 inire

394 1301 521 1363 dicendi
542 1300 630 1362 locu·
652 1300 729 1373 erit,
752 1301 805 1361 ubi
828 1302 976 1381 peculini
997 1308 1093 1381 opert
1114 1300 1156 1361 de
1178 1300 1340 1363 dialectice
1359 1303 1393 1363 in
1414 1302 1475 1364 lroc

389 1407 471 1469 libro
498 1410 648 1485 regnante
676 1422 873 1484 exponemur.
926 1404 1077 1467 Conicere
1099 1402 1192 1463 etiem
1215 1423 1295 1483 quiue
1315 1405 1398 1467 idem
1420 1407 1474 1467 ille

390 1510 413 1573 l.
428 1528 453 1569 c.
468 1526 533 1587 cep.
547 1506 654 1571 lllllll.
668 1507 798 1571 monuit.
827 1506 889 1568 Sed
902 1507 1033 1587 propino
1046 1504 1138 1568 etiem
1151 1505 1213 1568 huc
1225 1508 1381 1588 pertinent
1395 1529 1473 1589 quiec

387 1612 477 1674 Pluto
500 1613 569 1692 ipre
590 1611 734 1690 lteipulrl.
757 1610 811 1672 lib.
826 1609 879 1673 lV.
900 1630 930 1691 p.
949 1610 1023 1673 48⁰.
1044 1610 1079 1669 ll.
1102 1607 1136 1670 G.
1156 1609 1194 1673 Ι).
1216 1611 1379 1689 dlrreruit,
1410 1632 1472 1692 qrro

388 1717 459 1779 loco
482 1715 689 1795 philosophus
713 1714 874 1789 observet,
899 1716 951 1775 nni
972 1713 1135 1790 eidemque
1157 1714 1204 1773 rei
1220 1715 1266 1775 ite
1283 1720 1402 1777 tentum
1415 1718 1472 1776 tri-

387 1819 443 1881 bui
471 1836 565 1899 poree
592 1815 763 1891 contrerie,
797 1819 824 1878 ei
850 1836 889 1879 ex
915 1817 1038 1877 diverre
1058 1821 1148 1894 porte
1168 1823 1336 1897 rpectetnr.
1380 1819 1471 1899 Quod

386 1940 520 2004 prorrur
540 1922 574 1981 iu
588 1916 736 1979 'nor'trum
758 1917 902 1979 convenit
923 1936 1113 1995 sermonem,
1135 1919 1168 1981 ln
1183 1940 1245 2001 quo
1258 1940 1352 2001 quum
1365 1921 1472 1984 linitue

326 2030 329 2045 '
388 2026 501 2089 nultuti
529 2022 685 2086 contecti·
716 2021 942 2096 rttribucntur,
975 2039 1039 2083 uon
1073 2029 1180 2102 poteet
1212 2041 1287 2086 rere
1321 2023 1470 2100 dulrltrri,

388 2132 462 2211 quin
484 2147 521 2190 ec
541 2145 604 2189 nou
626 2142 688 2186 uno
711 2124 805 2186 modo
827 2144 846 2185 r
867 2124 998 2187 l’lrtone
1019 2132 1278 2189 commemoretur
1299 2130 1392 2207 etque
1425 2131 1471 2189 in·

387 2232 558 2311 telligatur.
607 2226 725 2289 Verum
752 2234 788 2287 ut
814 2227 939 2288 trudem
962 2226 1054 2307 plene
1075 2231 1298 2310 perepiciutnr,
1321 2231 1395 2309 quid
1418 2233 1469 2301 rit,

387 2334 473 2416 quod
499 2332 589 2393 Plelo
618 2332 652 2393 ἓν
680 2322 721 2393 ὅν
747 2329 966 2411 rppelleverlt,
1004 2336 1039 2392 et
1065 2333 1236 2414 quotuplici
1270 2352 1362 2395 renen
1391 2334 1469 2394 illud

388 2435 691 2509 commemoraverit,
728 2451 787 2514 nge
807 2452 874 2494 rem
897 2440 1011 2512 quante
1032 2438 1161 2497 maxime
1182 2436 1251 2497 fleri
1272 2441 1378 2514 potest
1399 2455 1469 2516 pcr-

387 2542 553 2623 rpicuitetc
575 2540 739 2619 explanare
761 2536 949 2599 conabimur.
1000 2537 1108 2616 ltaque
1124 2539 1259 2619 priorum
1283 2538 1407 2616 quidem
1430 2530 1468 2598 τὸ

387 2648 438 2719 ἔν,
460 2649 610 2724 quotenus
633 2660 701 2704 erre
722 2641 856 2715 dicitnr,
879 2638 1076 2720 perspicuum
1099 2647 1148 2703 eet
1168 2640 1333 2719 complecti
1346 2659 1468 2703 omnem

388 2748 512 2810 omniuo
533 2745 740 2827 intelligibilis
762 2740 877 2817 οὐσίας
899 2743 1047 2804 rmbitnm
1069 2763 1105 2805 rc
1126 2744 1221 2805 veluti
1243 2762 1401 2813 eunnmum,
1424 2745 1469 2805 ile

390 2853 516 2932 quidem
538 2857 573 2912 ut
594 2851 680 2913 licite
703 2866 771 2911 eree
801 2853 957 2908 rtrtuntur
984 2846 1118 2925 ideoque
1146 2846 1257 2907 mentio
1280 2847 1468 2927 cogitatione

386 2954 609 3035 comprehendi
640 2959 742 3032 quent.
793 2949 868 3010 Num
897 2968 992 3009 unum
1018 2949 1096 3009 illud
1127 2968 1181 3010 eno
1206 2948 1378 3011 Eleaticum
1406 2951 1465 3010 inm

386 3059 533 3120 delinitae
553 3055 707 3118 emoritlre
729 3052 878 3113 terminon
891 3051 923 3111 id
942 3070 976 3115 re
993 3053 1140 3131 ruocepit.
1183 3052 1274 3130 erod
1295 3053 1323 3113 ri
1344 3056 1467 3133 quoeris

386 3162 531 3240 quidnam
545 3160 602 3231 rit,
624 3156 706 3216 lmud
724 3171 797 3215 nene
814 3160 994 3214 cunctanter
1007 3154 1247 3247 respondemur,
1269 3156 1466 3237 cogitandum

386 3280 457 3323 erre
478 3261 519 3321 dc
541 3259 611 3318 ider
634 3257 770 3316 omnium
793 3255 940 3316 letirrime
961 3262 995 3319 et
1021 3256 1151 3319 menime
1172 3260 1310 3339 generali
1338 3261 1403 3319 rive
1426 3260 1466 3319 do

385 3361 551 3425 univerouli
572 3361 652 3420 eutis
677 3359 755 3419 liniti
777 3360 804 3418 ri
828 3367 860 3419 et
881 3363 1005 3433 nutura,
1028 3379 1118 3438 quum
1135 3363 1166 3421 in
1180 3362 1282 3443 opimo
1296 3360 1466 3439 inlormrru

385 3467 484 3527 licent.
534 3462 598 3524 Sed
624 3463 663 3524 ulr
695 3464 754 3523 linc
786 3462 886 3541 prime
920 3464 1145 3544 significatione
1179 3468 1237 3528 τοῦ
1266 3456 1364 3540 ὄντος
1391 3461 1466 3539 ἑνός

385 3567 551 3647 diligenter
566 3566 668 3626 altero
683 3567 887 3628 discernende
901 3574 959 3641 est,
983 3586 1042 3646 que
1057 3569 1185 3629 denotet
1197 3567 1315 3631 former
1330 3569 1466 3630 universi

384 3671 467 3731 illine
490 3670 570 3730 entir
592 3669 671 3731 liniti
694 3671 883 3749 singularem
911 3671 972 3730 hoc
994 3677 1042 3732 eet
1063 3672 1166 3745 idenr,
1190 3690 1267 3751 pirre
1289 3678 1362 3734 runt
1383 3674 1464 3734 entir

384 3773 468 3834 illiue
490 3773 644 3852 genemlir
666 3775 785 3852 rpcciee
797 3780 890 3852 etque
901 3780 1016 3853 purten.
1060 3774 1136 3835 Nem
1152 3794 1207 3836 eur
1220 3776 1296 3837 illud
1309 3796 1462 3837 summum

383 3885 547 3958 postquem
569 3875 689 3936 linitum
712 3876 827 3950 er'eult,
851 3895 917 3936 erm
939 3876 1036 3955 iprum
1060 3878 1099 3937 ob
1123 3898 1259 3941 cernerem
1282 3879 1461 3939 lrnmeneunr

347 4014 349 4019 ·
383 3981 534 4061 oriendum
569 3978 688 4059 occepit
720 3978 889 4040 formarum
926 3984 1020 4058 etque
1053 3983 1185 4060 portium
1220 3982 1397 4042 vadentem
1427 4001 1462 4040 nc

382 4084 629 4156 multitudinem,
652 4083 898 4162 quondoquidem
921 4082 953 4142 iu
975 4089 1081 4143 mutue
1102 4084 1157 4145 ille
1176 4087 1235 4146 τοῦ
1253 4076 1326 4154 ἑνός
1347 4089 1380 4141 et
1402 4087 1462 4144 rori

384 4179 483 4260 ὄντος
517 4186 732 4248 coniunctione
764 4204 901 4247 summae
935 4187 1092 4248 varietati·
1125 4195 1218 4269 etque
1253 4188 1461 4250 multitudinis

383 4268 454 4351 lone
481 4296 513 4350 et
542 4288 726 4369 principium
754 4290 939 4350 continetur.
990 4289 1097 4367 ltnqnc
1126 4310 1219 4351 unum
1248 4293 1367 4351 linitum
1396 4295 1462 4353 siro

382 4383 421 4450 τὰ
446 4391 479 4452 ἓν
502 4382 541 4453 dv
571 4392 664 4452 etiem
691 4390 731 4450 de
753 4391 881 4471 cingulis
911 4390 991 4451 ideir
1015 4391 1170 4468 qnibnenie
1190 4401 1296 4473 potest
1317 4395 1459 4475 intelligi,

383 4510 443 4569 qne
470 4495 498 4552 ri
526 4501 558 4553 et
588 4498 742 4570 potestate
770 4512 806 4552 ro
833 4511 905 4552 rere
932 4500 1111 4571 urnrpelnm
1147 4516 1216 4558 esne
1249 4500 1460 4579 compluribus

383 4593 459 4656 lucie
481 4596 561 4656 inim
580 4615 616 4656 ex
635 4599 731 4659 totins
749 4597 810 4659 loci
828 4596 1082 4677 interpretatione
1102 4600 1269 4665 clarissime
1290 4602 1457 4683 nppcrelrit.
