3775 5442
667 633 752 693 Lilier
772 627 891 711 primur.
935 633 1037 694 Saotio
1060 633 1116 699 Xl.
1376 635 1442 701 elo

353 803 491 884 ideoque
512 803 605 865 ellam
626 805 754 887 ἑτεροῖα
776 804 833 869 καὶ
853 801 986 870 ἀλλοῖα.
1028 805 1077 869 lin
1103 824 1164 886 quo
1194 812 1282 888 patet
1310 825 1440 873 uenae

354 899 510 989 ἀνόμοια.
559 905 639 967 Sunt
667 925 741 968 vero
768 907 822 969 illa
852 909 898 989 τῷ
926 908 974 972 ἑνὶ
1002 903 1160 992 ἀνόμοια.
1210 909 1302 989 Quod
1329 911 1437 989 aleat,

353 1012 456 1093 lpaunr
484 1010 577 1072 etiam
604 1012 639 1073 ἕν
667 1009 816 1073 diaalmlle
837 1009 879 1073 ait
903 1028 1034 1076 necem
1062 1017 1121 1077 eat.
1168 1009 1312 1076 Vluiaalm
1335 1021 1439 1079 autem

352 1113 426 1175 idea
445 1113 478 1175 lu
499 1131 534 1176 ae
555 1120 693 1194 apeotata
717 1134 777 1177 uua
798 1114 840 1176 ait
860 1133 989 1178 neoeaae
1010 1122 1060 1178 eat
1085 1121 1180 1195 atque
1199 1115 1329 1198 almplen
1351 1119 1439 1181 ldeo-

352 1233 416 1295 que
442 1215 491 1278 aui
514 1217 611 1296 ipaiua
639 1238 728 1299 quam
751 1215 916 1281 aimillima.
961 1219 1082 1299 Quodsi
1103 1222 1184 1283 euim
1205 1220 1255 1282 ani
1267 1226 1353 1284 earet
1375 1220 1439 1287 dla-

351 1320 481 1396 aimilia,
509 1338 572 1382 non
600 1321 661 1384 lam
689 1322 809 1385 unitate
829 1320 982 1400 gauderet
1003 1329 1098 1404 atque
1117 1330 1247 1385 naturae
1267 1341 1344 1386 auae
1364 1342 1439 1387 oon-

350 1424 515 1489 reuieutia.
559 1424 650 1503 Quod
672 1423 797 1504 quidem
819 1422 1001 1487 advertatur
1020 1427 1069 1489 illi
1089 1425 1245 1507 cogitandi
1261 1426 1325 1507 legi
1344 1433 1438 1507 atque

350 1545 496 1603 normae,
533 1546 594 1608 qua
621 1543 867 1605 unamquamque
893 1529 1071 1603 notionem,
1105 1529 1228 1592 etlamal
1253 1531 1437 1611 negandum

350 1629 480 1691 delinita
501 1630 543 1692 alt
564 1628 737 1704 attributis,
765 1634 870 1691 tamen
891 1646 950 1709 per
971 1649 1007 1694 ae
1027 1650 1119 1693 uuam
1140 1650 1211 1696 eoae
1231 1638 1325 1713 atque
1344 1633 1437 1697 alao-

349 1735 449 1795 lutam
471 1732 631 1809 convenit,
652 1751 693 1796 ne
713 1732 774 1795 albi
788 1732 849 1814 ipal
863 1733 1021 1797 adveraari
1034 1739 1089 1796 aut
1102 1753 1278 1815 repugnare
1287 1734 1437 1799 videatur.

349 1835 381 1897 Ρ.
409 1833 483 1895 lul.
504 1834 542 1898 Δ.
564 1834 598 1896 Β.
654 1834 701 1896 Ex
728 1835 789 1897 ieta
820 1841 925 1897 autem
954 1834 1215 1921 dlaalrnllitudlaia
1241 1838 1438 1918 proprietate

349 1937 502 2017 colligere
522 1935 610 2012 lieet,
631 1937 732 1999 ideam
754 1938 939 2021 negantibus
961 1936 1121 2003 attributio
1142 1941 1260 2002 linitam
1277 1941 1372 2003 etiam
1390 1940 1438 2003 ln-

349 2041 511 2122 aequalem
539 2058 610 2104 eaae
644 2047 737 2120 atque
764 2043 934 2124 aequalem.
990 2042 1157 2106 Enimvero
1189 2043 1261 2105 idea
1294 2044 1437 2125 uegatlra

347 2144 436 2205 unita
466 2142 494 2205 al
520 2143 657 2223 aequalia
684 2146 797 2210 cetaria
823 2165 895 2210 eane
921 2144 1096 2223 dloeretur,
1131 2145 1288 2209 aiilrmana
1310 2145 1437 2226 aliquod

348 2247 481 2309 haberet
494 2245 676 2311 attributum
695 2244 746 2331 (εἴ
751 2272 771 2327 η
792 2242 836 2314 oio
855 2243 937 2329 ἤδη)
956 2248 1098 2330 adeoque
1109 2257 1254 2330 respectu
1270 2251 1310 2312 ad
1322 2268 1435 2331 aequa·

350 2350 469 2413 litatem
490 2349 599 2412 habito
620 2352 730 2416 rimilia
750 2353 813 2416 illia
835 2353 990 2417 evaderet.
1035 2352 1125 2432 Quod
1143 2360 1324 2434 utrumque,
1345 2352 1434 2415 affir-

349 2453 503 2519 maudbne
525 2454 687 2517 attributla'
705 2455 744 2517 ab
767 2475 803 2516 ea
819 2455 967 2530 remella,
988 2455 1093 2518 laeum
1110 2454 1227 2518 habere
1241 2456 1327 2518 nullo
1341 2458 1433 2536 paoto
1558 2526 1564 2537 ⁸

348 2560 463 2637 puteat.
506 2556 555 2619 lix
582 2576 644 2636 quo
667 2558 818 2636 eflicitur,
845 2564 882 2620 ut
902 2577 1005 2637 neque
1024 2558 1096 2620 idea
1116 2556 1259 2638 negativa
1278 2558 1433 2621 aientllrna

348 2657 528 2721 notionibua
554 2662 692 2740 aequalia
720 2680 793 2725 erae
816 2661 980 2723 iudicanda
1005 2660 1064 2735 ait,
1095 2677 1197 2741 neque
1217 2660 1352 2725 violarim
1373 2659 1434 2722 hae

347 2763 442 2825 ideae
467 2763 607 2843 negative
635 2762 866 2826 determinatae.
914 2763 1013 2844 lgltur
1039 2762 1112 2825 idea
1138 2762 1280 2843 negando
1303 2763 1434 2825 eircum-

344 2867 485 2946 euripo,
505 2871 656 2947 quatenus
677 2867 768 2927 ideae
789 2851 1015 2928 affirmantibus
1036 2863 1120 2927 notia
1140 2864 1306 2945 insignitae
1319 2867 1349 2929 ei
1362 2868 1436 2928 aunt

351 2969 543 3049 inaequalia,
579 2976 611 3030 et
638 2970 707 3050 ipaa
735 2969 871 3032 venitin
892 2968 1025 3049 aliquam
1046 2967 1276 3047 inaequalitatia
1298 2986 1435 3030 eommu-

347 3070 483 3133 uiouem.
526 3074 648 3156 Quippe
670 3094 762 3137 nemo
784 3079 834 3136 eat
855 3073 928 3154 quin
949 3071 1070 3147 videat,
1091 3071 1186 3133 alium
1204 3088 1274 3133 eeae
1285 3068 1435 3133 ambitum

346 3175 510 3235 notionum
531 3178 674 3257 negative
696 3176 986 3248 determinatarum
1025 3173 1119 3237 allum
1141 3175 1302 3237 notionum
1324 3168 1435 3233 alenti-

347 3280 406 3339 lua
427 3277 511 3341 notia
532 3280 849 3361 circumscriptarum:
883 3286 919 3341 ut
945 3276 1089 3359 proiecto
1112 3279 1285 3341 mirandum
1307 3294 1370 3338 non
1392 3275 1435 3338 alt

346 3384 509 3445 Platonem
531 3385 611 3446 idela
641 3385 826 3465 negantibua
847 3384 967 3445 ratione
996 3380 1125 3445 alteriue
1146 3385 1288 3445 idearum
1309 3378 1434 3461 geuerla

345 3488 454 3549 lralrlta
476 3481 661 3564 ἀνισότητα
683 3488 847 3557 talaiae,
869 3506 948 3566 quae
970 3484 1109 3546 oerultur
1130 3485 1163 3544 in
1184 3483 1364 3565 quantitatla
1386 3482 1434 3545 dl·

345 3592 505 3653 reraitate.
553 3591 672 3671 linguate
699 3597 803 3651 autem
831 3586 1030 3649 Parmenides
1060 3605 1098 3649 ex
1119 3587 1186 3668 ipra
1208 3585 1433 3669 inaequalitatis

346 3700 458 3756 natura
472 3694 564 3755 ideae
574 3696 699 3775 neganti
711 3690 838 3774 propria
848 3690 978 3751 alteram
995 3690 1086 3752 elicit
1093 3690 1296 3771 aequalitatla.
1327 3689 1434 3753 linim-

345 3816 423 3860 vero
447 3797 597 3878 quidquid
619 3797 672 3857 alii
694 3797 825 3877 cuipiam
847 3801 896 3856 eat
917 3793 1095 3873 inaequale,
1117 3794 1149 3855 id
1172 3795 1265 3856 etlam
1280 3792 1434 3871 tumultu-

345 3899 429 3963 dlnia
452 3905 485 3962 et
506 3900 665 3979 parvitatis
687 3918 781 3979 capax
801 3897 844 3960 ait
865 3914 993 3959 ueoeaae
1015 3902 1071 3961 eat.
1115 3897 1194 3960 Nam
1216 3896 1277 3957 erit
1289 3892 1433 3975 proleelo
1507 3944 1510 3951 .

346 4006 402 4063 aut
428 4003 528 4066 maine
557 4002 612 4065 ilio
640 4009 693 4064 aut
718 4003 828 4064 minua.
877 4000 940 4062 lam
978 4016 1052 4061 vero
1078 3999 1162 4062 iuter
1191 3984 1434 4079 magnitudinem

347 4113 441 4186 atque
463 4107 644 4188 parvitatem
668 4124 797 4186 eamque
817 4104 977 4165 relativam
1000 4103 1103 4166 media
1128 4100 1293 4166 iuterieota
1313 4104 1363 4160 eat
1385 4115 1436 4159 ae-

345 4211 491 4291 qualitaa
535 4212 621 4291 Quae
646 4210 774 4289 quidem
803 4208 938 4272 dubitari
961 4225 1023 4269 uon
1046 4211 1151 4286 poteat
1172 4206 1247 4286 quin
1267 4202 1358 4266 ideae
1379 4217 1438 4282 per

344 4332 382 4377 ae
404 4319 564 4395 epeotatae
585 4314 735 4394 assignari
753 4313 876 4374 debeat.
920 4311 1043 4391 Quippe
1062 4308 1211 4389 ouluaque
1229 4303 1368 4369 notionia
1378 4320 1437 4385 per

342 4435 381 4479 ae
410 4435 553 4480 aeoraum
584 4423 741 4496 apeotalae
768 4416 917 4476 ambitum
944 4413 1069 4475 ailrlmet
1102 4412 1161 4492 lpai
1183 4408 1345 4491 aequalem
1366 4424 1438 4473 we

343 4524 485 4599 oportet.
536 4520 645 4601 Neque
671 4520 751 4581 enim
785 4517 836 4579 llio
857 4523 1002 4597 putamur
1030 4517 1131 4577 ideam
1151 4513 1297 4593 negative
1318 4511 1437 4574 linitam

341 4619 479 4687 ladiaarl
496 4622 628 4685 eundem
643 4621 760 4685 habere
773 4622 938 4697 ambitum,
962 4638 1053 4702 quem
1065 4617 1167 4679 ideam
1183 4617 1267 4680 notia
1284 4614 1440 4679 aientibus
