3775 5442
565 714 567 721 Ι
669 628 754 689 biber
775 634 894 706 primus.
938 631 1039 693 Secrio
1060 633 1109 695 tv.
1387 645 1429 707 w

334 801 486 863 sbsolnte
514 808 598 865 estet
626 804 772 882 omnique
801 810 922 865 careret
953 804 1108 868 rationum
1141 810 1304 889 carimate,
1338 814 1425 879 nullo

334 904 436 967 modo
464 905 560 967 tribui
587 906 707 969 liceret.
755 906 921 967 Enimvero
950 908 1034 986 quod
1054 909 1257 974 Permenides
1278 916 1425 979 statuisse

334 1008 481 1083 ridetur,
503 1027 597 1071 unum
620 1029 682 1089 quo
704 1009 850 1071 erederet
870 1011 1062 1089 perlectum,
1096 998 1190 1075 simui
1217 1022 1251 1077 ct
1272 1018 1423 1082 inlinitum

333 1116 370 1171 et
392 1110 516 1171 finitum
538 1132 608 1175 esse
630 1119 794 1192 oportere,
817 1112 850 1173 id
872 1113 961 1175 Pluto
983 1115 1185 1177 reiiciendum
1207 1135 1277 1179 esse
1293 1119 1424 1181 arbitre-

333 1222 388 1275 tus
411 1221 480 1287 est,
501 1213 636 1293 ideoque
657 1214 747 1276 eiiam
769 1215 838 1275 iniit
860 1217 956 1292 riam,
983 1236 1044 1295 qus
1064 1217 1276 1305 Eleaticorum
1297 1220 1424 1285 decreto

333 1336 406 1379 erm
430 1315 697 1397 Pythagoreorum
719 1318 840 1397 placitis
862 1339 937 1381 sure
959 1321 1056 1400 ipsius
1078 1321 1191 1381 rotioni
1210 1325 1423 1387 accommode·

332 1423 397 1483 tius
427 1422 460 1481 in
488 1438 581 1481 unum
610 1421 781 1500 copularet.
830 1421 1043 1500 Quum-enim
1069 1422 1258 1503 Pythagorei
1278 1426 1422 1491 omniee

332 1525 426 1587 finito
448 1530 482 1583 et
501 1523 622 1586 intinito
644 1529 713 1585 ortr
734 1540 805 1584 esse
825 1524 1023 1603 docuissent,
1058 1527 1114 1587 ille
1133 1526 1213 1589 bene
1233 1545 1342 1590 eorum
1364 1530 1421 1592 do-

333 1628 466 1690 ctrinsm
494 1625 534 1687 cd
560 1644 647 1687 susm
674 1625 825 1687 retionem
853 1626 897 1687 its
919 1626 1064 1703 dederit,
1092 1634 1127 1689 ut
1148 1630 1195 1706 ei,
1229 1631 1315 1709 quod
1336 1640 1422 1697 esset

334 1730 511 1793 universale
532 1748 624 1791 verre
645 1730 798 1791 essentiae
820 1727 1006 1809 principium
1027 1736 1062 1792 et
1081 1732 1178 1794 veluti
1198 1733 1265 1794 eius
1281 1735 1421 1810 muteris,

334 1835 520 1897 intinitatem
550 1834 675 1912 quidem
703 1833 875 1903 tribueret;
908 1832 989 1894 illud
1018 1851 1093 1895 vero
1120 1833 1205 1914 quod
1229 1833 1305 1896 inde
1333 1838 1420 1914 qussi

335 1944 419 2001 esset
439 1944 624 2016 generntum
638 1941 671 2001 et
685 1935 798 1997 verium
817 1954 852 1996 ec
864 1934 1069 2017 multiplicem
1081 1937 1273 2018 suscepisset
1286 1936 1421 2003 formem

336 2050 369 2105 et
389 2040 559 2115 rationem,
580 2038 701 2099 linitum
722 2055 794 2099 esse
812 2044 975 2104 ststneret.
1017 2041 1065 2103 En
1078 2062 1139 2122 quo
1156 2046 1302 2122 epperet,
1325 2061 1419 2105 unum

334 2144 433 2219 istud,
456 2142 543 2222 quod
564 2141 597 2201 in
617 2139 675 2200 bec
695 2147 785 2218 perte
805 2143 958 2205 sermonis
978 2144 1199 2207 el’srmenide
1215 2145 1416 2223 describitur,

333 2247 457 2309 Plutoni
482 2245 563 2309 nibil
588 2243 673 2305 obrid
699 2260 769 2305 esse
795 2247 951 2323 potuisse,
988 2249 1050 2313 nlsl
1076 2248 1231 2311 infinitum
1263 2249 1417 2311 essentiae

332 2349 535 2432 principium,
572 2345 656 2426 quod
684 2340 800 2421 οὐσίας
832 2348 1019 2415 indiscretos
1039 2357 1072 2414 et
1092 2351 1273 2415 iudebnitse
1292 2352 1416 2415 nominc

333 2453 441 2519 ltoebit
458 2452 636 2534 rppellnre,
655 2449 770 2530 quippe
782 2451 865 2513 omni
878 2460 986 2531 perte,
1008 2454 1130 2530 forms,
1147 2454 1271 2517 retione
1281 2454 1417 2535 durique

332 2557 525 2621 destitutum.
570 2553 636 2616 Sed
657 2553 718 2615 boc
739 2554 856 2634 ipsum,
879 2556 1025 2635 quonism
1043 2556 1199 2629 eiusmodi
1212 2565 1278 2635 est,
1301 2560 1416 2623 utuni-

332 2661 417 2725 reni
444 2660 512 2721 iere
540 2656 694 2721 sermonis
717 2656 866 2719 Pictonici
900 2666 986 2719 recto
1006 2659 1222 2741 interpretatio
1244 2661 1318 2725 iude
1339 2680 1415 2742 pen-

332 2766 423 2837 dest,
444 2780 572 2843 prorsus
594 2759 803 2823 necessrrium
825 2761 1012 2836 iudicemus,
1034 2770 1071 2827 ut
1092 2765 1280 2843 argumentis
1301 2767 1414 2829 certio·

330 2869 426 2932 ribus
446 2871 719 2937 commonstretur,
751 2880 841 2941 quum
864 2883 944 2943 quse
965 2883 1052 2927 mers
1073 2867 1210 2927 nitentur
1229 2868 1414 2932 conieuurr.

335 2969 490 3049 Quocircs
511 2987 623 3048 opersc
643 2966 777 3046 pretium
800 2973 849 3028 est
869 2966 948 3027 brec
969 2969 1132 3047 explanare
1155 2968 1261 3046 psulio
1284 2969 1415 3048 diligen-

333 3073 415 3146 tius,
451 3089 487 3132 ne
513 3091 593 3152 quse
620 3069 709 3131 nobis
736 3069 813 3131 brec
840 3069 1048 3134 scribentibus
1077 3075 1162 3131 certe
1189 3075 1223 3131 et
1243 3050 1415 3133 indubitntr

329 3177 510 3251 rideantur,
533 3173 708 3255 legentibus
729 3173 847 3253 aliquid
868 3172 1006 3254 scrupuli
1027 3171 1173 3235 inliciant.

415 3281 461 3343 Ae
487 3281 621 3359 primum
655 3276 780 3355 quidem
815 3275 1122 3339 animadvertendum
1154 3282 1220 3352 est,
1252 3277 1413 3343 Plutonem

327 3383 424 3445 etiem
445 3380 522 3443 stibi
541 3381 621 3443 illud
642 3379 908 3460 l'ytbngoreorum
930 3378 1095 3462 placitum,
1126 3378 1211 3457 quod
1232 3387 1322 3441 antee
1343 3383 1414 3445 etti-

327 3487 448 3571 pimus,
470 3485 511 3547 ob
534 3486 642 3583 oeulos
662 3483 818 3546 babuisse.
862 3483 909 3545 lle
931 3503 992 3562 que
1012 3500 1049 3543 rc
1070 3481 1266 3559 exposuimus
1287 3483 1320 3545 in
1337 3484 1414 3549 Pro-

327 3590 475 3670 legomm.
504 3587 545 3649 sd
572 3586 736 3649 l'biiebum
767 3606 798 3665 p.
814 3584 975 3664 LVllsqq.
1005 3592 1038 3646 et
1060 3585 1092 3646 in
1113 3584 1352 3651 Commentariis
1372 3589 1414 3651 sd

324 3692 492 3754 Timrenm
519 3708 582 3752 non
603 3708 665 3751 nno
688 3689 766 3750 loeo.
810 3687 976 3749 Enimuero
1000 3687 1188 3768 Pythagorei
1209 3690 1412 3768 posteriores,

325 3794 471 3878 inprimis
493 3793 653 3879 l'biloisus
675 3798 708 3853 et
724 3791 877 3872 Archytas
894 3790 944 3871 *),
968 3811 1062 3871 quum
1075 3790 1269 3867 docuissent,
1292 3795 1413 3863 unirer·

325 3918 395 3963 rum
417 3895 568 3959 mundum
589 3902 733 3957 constare
756 3915 774 3957 e
796 3897 925 3960 dirersis
948 3897 1129 3976 generibus,
1159 3897 1258 3956 sltcro
1280 3896 1412 3969 infinito,

324 4006 429 4065 nitere
453 4000 632 4071 terminato,
656 4000 761 4061 mnndi
784 4009 887 4060 autem
908 4000 1078 4079 principem
1109 4009 1142 4075 et
1164 4004 1321 4061 auctorem
1343 4016 1412 4060 csse

324 4124 467 4168 esrrmnm
495 4104 628 4182 sliquom
656 4109 789 4180 utroquo
818 4104 1029 4181 superiorem,
1066 4123 1143 4181 quoe
1180 4102 1334 4164 contraris
1359 4100 1413 4160 ills

324 4212 547 4288 coniungeret,
569 4206 630 4266 lroc
651 4212 700 4266 est
722 4207 831 4278 deum,
855 4226 1009 4284 quumque
1031 4208 1123 4267 iidem
1147 4207 1193 4267 illi
1214 4206 1296 4265 idem
1316 4202 1411 4280 pluci-

323 4326 390 4376 tum
415 4313 511 4372 etiem
533 4310 572 4370 ed
595 4316 734 4370 naturam
756 4327 860 4370 rerum
883 4310 1084 4390 singularium
1106 4308 1248 4385 adeoque
1263 4306 1411 4366 uirtutum

331 4440 528 4453 ——-——--

395 4498 424 4560 ·)
445 4496 483 4545 lic
497 4493 625 4544 l'bilolnlu
637 4513 660 4541 v.
677 4489 790 4543 liurrldr.
804 4494 830 4541 in
845 4490 964 4542 l’lriiulno
977 4490 1011 4542 ll.
1028 4490 1040 4541 l
1058 4499 1083 4540 ct
1096 4489 1122 4540 2.
1142 4508 1168 4556 p.
1182 4485 1220 4537 itt
1232 4504 1288 4553 sqq.
1315 4486 1412 4552 Archy·

321 4575 362 4617 tae
380 4566 480 4630 sagn.
497 4570 569 4613 estut
581 4564 650 4629 epod
664 4560 739 4611 Stolo.
756 4561 865 4626 liclogg.
887 4561 906 4609 l.
923 4559 970 4610 liii.
988 4578 1015 4627 p.
1029 4559 1085 4608 710
1101 4575 1158 4623 sqq.
1173 4557 1214 4605 od.
1228 4554 1339 4604 liceren.
1370 4554 1409 4605 ln·

321 4634 407 4702 signis
421 4634 498 4683 inens
513 4638 552 4680 est
571 4632 640 4698 npud
656 4630 829 4698 l'bilopounm
845 4631 871 4679 in
885 4626 963 4695 l'bps.
979 4632 1023 4676 Ar.
1040 4625 1084 4675 lli.
1099 4623 1130 4673 li.
1145 4625 1197 4673 litt.
1213 4620 1244 4669 li.
1266 4638 1292 4687 p.
1308 4620 1350 4671 li.
