3775 5442
464 604 527 698 iifl
760 552 1020 692 Llisrzseundus.
1064 627 1165 692 Sectis
1188 631 1238 696 tlt,

462 825 565 869 veram
586 810 765 885 rectumque
785 804 948 884 pervenire
976 802 1132 887 sttrdnerit
1153 802 1312 864 scientium
1336 808 1369 862 et
1391 803 1543 884 cognitio-

463 930 544 985 nem,
567 910 598 970 ei
619 909 787 972 tenendum
810 913 858 970 est
879 924 1004 986 semper
1025 913 1058 967 et
1079 906 1194 985 ubique
1215 907 1302 980 iilud,
1325 907 1408 986 qarod
1429 908 1469 981 il,
1492 907 1546 986 qni

371 1077 380 1090 „
464 1015 505 1075 de
525 1031 631 1074 rerum
650 1018 759 1073 natura
781 1011 1015 1091 quaesiverunt,
1041 1015 1162 1071 temere
1190 1011 1407 1090 neglexerunt,
1443 1029 1546 1089 neque

465 1136 559 1178 unum
580 1135 651 1178 esse
672 1116 739 1178 sine
760 1112 969 1186 multitudine,
991 1130 1049 1173 nec
1068 1111 1167 1173 mults
1187 1115 1255 1175 sine
1277 1114 1413 1174 unitate:
1437 1132 1545 1175 rerum

464 1226 565 1281 autem
587 1218 811 1280 individuarum
833 1217 971 1277 rationes
993 1215 1032 1277 ad
1054 1215 1193 1277 idearum
1215 1218 1277 1278 rim
1308 1216 1423 1277 reierri
1452 1235 1546 1296 opor-

463 1331 539 1384 tere
584 1320 662 1382 Nam
690 1323 734 1382 lte
760 1324 880 1380 tantum
912 1320 982 1380 fieri
1009 1324 1130 1398 potest,
1159 1326 1195 1382 ut
1227 1321 1356 1382 scientia
1383 1321 1484 1401 aliqua
1513 1326 1546 1381 et

463 1424 599 1504 cognitio
621 1425 712 1487 nobis
734 1422 883 1503 obtingat.
911 1420 990 1483 Vani
1013 1430 1085 1485 sunt
1106 1429 1210 1485 autem
1232 1424 1369 1498 Eristici,
1393 1425 1445 1504 qrrl
1467 1423 1547 1484 lasne

463 1529 649 1589 sententiam
670 1533 810 1588 nostrsm
832 1525 950 1604 argutis
972 1525 1277 1604 interrogatiunculis
1306 1529 1491 1607 perturbare
1513 1532 1547 1587 et

463 1631 638 1693 convellere
665 1628 809 1691 student:
836 1626 890 1689 isti
919 1628 1012 1704 enim,
1035 1628 1147 1709 qrrilsus
1176 1649 1213 1691 ea
1238 1631 1354 1692 caussis
1381 1636 1415 1691 et
1435 1630 1547 1692 iunda-

463 1735 576 1797 mentis
599 1733 732 1804 nitatur,
761 1748 823 1792 non
845 1730 992 1790 videntur
1011 1733 1227 1811 perspexisse,
1250 1735 1305 1796 aed
1327 1751 1365 1794 ea
1386 1734 1492 1814 potius
1513 1735 1546 1795 in

464 1837 599 1898 medium
629 1834 816 1906 attulerunt,
847 1850 1017 1911 quaecum
1040 1835 1163 1915 quidem
1187 1844 1415 1911 commoveant,
1438 1838 1491 1916 orti
1512 1837 1546 1899 in

463 1937 713 2020 philosophando
744 1935 845 1996 adhuc
871 1935 1043 1998 tirunculus
1073 1938 1129 2010 sit;
1172 1939 1260 2000 ilium
1289 1947 1391 2001 autem
1420 1938 1547 2001 minime

463 2041 659 2123 perturbent,
682 2038 735 2118 qui
751 2056 812 2116 ope
832 2038 908 2099 artis
930 2037 1120 2114 dialecticae,
1143 2042 1199 2103 sed
1222 2043 1288 2104 eiua
1306 2043 1418 2104 avitiis
1435 2060 1547 2123 repur-

339 2176 340 2181 1
463 2149 554 2226 gatae
576 2147 608 2203 et
630 2142 669 2203 ad
691 2140 840 2201 maiorem
862 2140 1013 2218 quandam
1037 2142 1263 2222 perfectionem
1284 2146 1435 2219 excultae,
1458 2165 1546 2208 caus-

463 2266 514 2310 sas
535 2264 639 2306 rerum
660 2248 755 2322 atque
775 2241 925 2322 principia
947 2246 1103 2307 subtiliter
1124 2249 1335 2327 pervestigare
1350 2248 1502 2309 didicerit.

549 2350 619 2411 iioc
641 2347 739 2428 igitur
759 2344 854 2406 modo
876 2346 1016 2410 ridemus
1038 2369 1056 2409 a
1077 2349 1266 2430 philosopho
1297 2351 1429 2412 artiiicio
1457 2369 1548 2431 pror·

463 2472 517 2516 sus
536 2451 685 2533 singulari
707 2450 741 2512 id
760 2448 905 2511 ellectum
925 2469 1013 2526 esse,
1043 2459 1077 2513 ut
1098 2460 1131 2514 et
1151 2454 1292 2515 idearum
1313 2454 1357 2517 vie
1379 2473 1416 2514 ac
1437 2459 1548 2515 nature

462 2556 671 2637 perspiciatur
691 2571 859 2633 earumque
880 2572 950 2615 cum
971 2555 1066 2617 rebus
1087 2556 1351 2638 adspectablllbus
1377 2556 1546 2621 cohaeren-

462 2662 507 2723 tis
528 2662 684 2740 appareat,
707 2662 741 2719 et
761 2657 864 2719 nadre
883 2657 1144 2738 philosophorum
1172 2661 1213 2722 de
1238 2679 1342 2723 rerum
1367 2665 1476 2721 natura
1497 2667 1545 2722 at-

464 2782 525 2844 que
558 2762 736 2842 cognitione
770 2761 933 2840 opiniones
968 2764 1030 2824 rite
1062 2766 1218 2827 aestimari
1249 2764 1379 2845 possint,
1410 2767 1443 2823 et
1468 2781 1544 2826 vero

463 2867 556 2929 etiam
579 2865 790 2928 dissolvantur
811 2865 1041 2928 criminationes
1063 2866 1320 2937 adversariorum,
1343 2867 1396 2942 qui
1418 2875 1546 2948 argutae

463 2969 643 3031 dialecticae
678 2986 739 3047 ope
766 2968 800 3031 id
830 2968 959 3031 eiiieere
986 2970 1192 3045 studuissent,
1226 2975 1261 3029 ut
1296 2968 1363 3030 eius
1391 2973 1546 3033 sententia

462 3073 656 3135 refutaretur
678 3077 770 3147 atque
793 3073 1028 3134 convelleretur.

548 3173 612 3234 Sed
642 3172 683 3230 de
713 3178 872 3251 postremo
901 3175 978 3253 quid
1005 3175 1134 3238 iudicari
1167 3180 1328 3255 oporteat,
1371 3177 1545 3240 evidentius

465 3276 559 3338 etiam
581 3271 775 3351 intelligetur
795 3275 948 3356 explicato
971 3293 1010 3340 eo
1032 3277 1112 3357 loco,
1135 3298 1227 3360 quem
1249 3278 1396 3359 deinceps
1421 3287 1545 3363 pertre-

464 3385 550 3439 ctare
571 3375 799 3441 constituimus.
1000 3365 1009 3389 ¹
