<?xml version="1.0" encoding="UTF-8"?>
<!DOCTYPE html PUBLIC "-//W3C//DTD XHTML 1.0 Transitional//EN"
    "http://www.w3.org/TR/xhtml1/DTD/xhtml1-transitional.dtd">
<html xmlns="http://www.w3.org/1999/xhtml" xml:lang="en" lang="en">
 <head>
  <title>
</title>
<meta http-equiv="Content-Type" content="text/html;charset=utf-8" />
  <meta name='ocr-system' content='tesseract 3.04.00' />
  <meta name='ocr-capabilities' content='ocr_page ocr_carea ocr_par ocr_line ocrx_word'/>
</head>
<body>
  <div class='ocr_page' id='page_1' title='image "./parmenidescumqu00platgoog_0409.png"; bbox 0 0 3775 5442; ppageno 0'>
   <div class='ocr_carea' id='block_1_1' title="bbox 554 641 1416 713">
    <p class='ocr_par' dir='ltr' id='par_1_1' title="bbox 554 641 1416 713">
     <span class='ocr_line' id='line_1_1' title="bbox 554 641 1416 713; baseline 0.005 -12"><span class='ocrx_word' id='word_1_1' title='bbox 554 709 556 713; x_wconf 48' lang='grc'>,</span> <span class='ocrx_word' id='word_1_2' title='bbox 664 641 750 702; x_wconf 82' lang='lat' dir='ltr'><strong>Liber</strong></span> <span class='ocrx_word' id='word_1_3' title='bbox 770 645 884 703; x_wconf 86' lang='lat' dir='ltr'><strong>tertius.</strong></span> <span class='ocrx_word' id='word_1_4' title='bbox 927 642 1029 705; x_wconf 78' lang='lat' dir='ltr'><strong>Sentio</strong></span> <span class='ocrx_word' id='word_1_5' title='bbox 1044 643 1092 705; x_wconf 88' lang='grc' dir='ltr'><strong>ΙΙΙ.</strong></span> <span class='ocrx_word' id='word_1_6' title='bbox 1352 645 1416 711; x_wconf 67' lang='grc' dir='ltr'><strong>8ῆῖ</strong></span> 
     </span>
    </p>
   </div>
   <div class='ocr_carea' id='block_1_2' title="bbox 330 811 1419 1514">
    <p class='ocr_par' dir='ltr' id='par_1_2' title="bbox 330 811 1419 1514">
     <span class='ocr_line' id='line_1_2' title="bbox 332 811 1419 898; baseline 0.006 -24"><span class='ocrx_word' id='word_1_7' title='bbox 332 833 363 895; x_wconf 88' lang='lat' dir='ltr'><strong>p.</strong></span> <span class='ocrx_word' id='word_1_8' title='bbox 387 811 538 876; x_wconf 75' lang='lat' dir='ltr'><strong>lt-st.</strong></span> <span class='ocrx_word' id='word_1_9' title='bbox 559 819 644 895; x_wconf 83' lang='lat' dir='ltr'><strong>etp.</strong></span> <span class='ocrx_word' id='word_1_10' title='bbox 667 815 837 878; x_wconf 74' lang='lat' dir='ltr'><strong>tit-los.</strong></span> <span class='ocrx_word' id='word_1_11' title='bbox 896 817 998 898; x_wconf 81' lang='lat' dir='ltr'><strong>Atque</strong></span> <span class='ocrx_word' id='word_1_12' title='bbox 1019 815 1068 880; x_wconf 87' lang='lat' dir='ltr'><strong>his</strong></span> <span class='ocrx_word' id='word_1_13' title='bbox 1090 823 1247 896; x_wconf 84' lang='lat' dir='ltr'><strong>utcunque</strong></span> <span class='ocrx_word' id='word_1_14' title='bbox 1268 818 1419 898; x_wconf 80' lang='lat' dir='ltr'><strong>expositis</strong></span> 
     </span>
     <span class='ocr_line' id='line_1_3' title="bbox 333 901 1417 1002; baseline 0.006 -25"><span class='ocrx_word' id='word_1_15' title='bbox 333 915 418 978; x_wconf 71' lang='lat' dir='ltr'><strong>mas</strong></span> <span class='ocrx_word' id='word_1_16' title='bbox 437 918 601 997; x_wconf 82' lang='lat' dir='ltr'><strong>multiplex</strong></span> <span class='ocrx_word' id='word_1_17' title='bbox 622 918 676 979; x_wconf 73' lang='lat' dir='ltr'><strong>uis</strong></span> <span class='ocrx_word' id='word_1_18' title='bbox 697 918 729 978; x_wconf 84' lang='lat' dir='ltr'><strong>u</strong></span> <span class='ocrx_word' id='word_1_19' title='bbox 752 918 942 981; x_wconf 74' lang='lat' dir='ltr'><strong>camenus</strong></span> <span class='ocrx_word' id='word_1_20' title='bbox 965 901 1174 1002; x_wconf 61' lang='lat' dir='ltr'><strong>carpinonis</strong></span> <span class='ocrx_word' id='word_1_21' title='bbox 1196 920 1417 983; x_wconf 58' lang='lat' dir='ltr'><strong>consularia</strong></span> 
     </span>
     <span class='ocr_line' id='line_1_4' title="bbox 332 1019 1417 1103; baseline 0.006 -23"><span class='ocrx_word' id='word_1_22' title='bbox 332 1036 406 1080; x_wconf 83' lang='lat' dir='ltr'><strong>usus</strong></span> <span class='ocrx_word' id='word_1_23' title='bbox 433 1019 596 1100; x_wconf 86' lang='lat' dir='ltr'><strong>proiectus</strong></span> <span class='ocrx_word' id='word_1_24' title='bbox 626 1021 685 1095; x_wconf 89' lang='lat' dir='ltr'><strong>sit,</strong></span> <span class='ocrx_word' id='word_1_25' title='bbox 713 1037 805 1082; x_wconf 91' lang='lat' dir='ltr'><strong>nemo</strong></span> <span class='ocrx_word' id='word_1_26' title='bbox 832 1028 920 1085; x_wconf 90' lang='lat' dir='ltr'><strong>certe</strong></span> <span class='ocrx_word' id='word_1_27' title='bbox 948 1024 1111 1086; x_wconf 73' lang='lat' dir='ltr'><strong>dubitabit.</strong></span> <span class='ocrx_word' id='word_1_28' title='bbox 1177 1023 1301 1103; x_wconf 78' lang='lat' dir='ltr'><strong>Quippe</strong></span> <span class='ocrx_word' id='word_1_29' title='bbox 1328 1024 1417 1087; x_wconf 85' lang='lat' dir='ltr'><strong>Plato</strong></span> 
     </span>
     <span class='ocr_line' id='line_1_5' title="bbox 331 1123 1417 1208; baseline 0.005 -23"><span class='ocrx_word' id='word_1_30' title='bbox 331 1140 450 1185; x_wconf 84' lang='lat' dir='ltr'><strong>morem</strong></span> <span class='ocrx_word' id='word_1_31' title='bbox 478 1125 568 1186; x_wconf 91' lang='lat' dir='ltr'><strong>illum</strong></span> <span class='ocrx_word' id='word_1_32' title='bbox 595 1123 842 1204; x_wconf 73' lang='lat' dir='ltr'><strong>Megaricorum,</strong></span> <span class='ocrx_word' id='word_1_33' title='bbox 880 1145 942 1205; x_wconf 83' lang='lat' dir='ltr'><strong>qno</strong></span> <span class='ocrx_word' id='word_1_34' title='bbox 971 1146 990 1188; x_wconf 93' lang='lat' dir='ltr'><strong>e</strong></span> <span class='ocrx_word' id='word_1_35' title='bbox 1016 1126 1181 1206; x_wconf 80' lang='lat' dir='ltr'><strong>multiplici</strong></span> <span class='ocrx_word' id='word_1_36' title='bbox 1210 1134 1304 1208; x_wconf 85' lang='lat' dir='ltr'><strong>atque</strong></span> <span class='ocrx_word' id='word_1_37' title='bbox 1332 1130 1417 1190; x_wconf 87' lang='lat' dir='ltr'><strong>varia</strong></span> 
     </span>
     <span class='ocr_line' id='line_1_6' title="bbox 330 1227 1416 1312; baseline 0.006 -26"><span class='ocrx_word' id='word_1_38' title='bbox 330 1227 496 1288; x_wconf 84' lang='lat' dir='ltr'><strong>rerbomm</strong></span> <span class='ocrx_word' id='word_1_39' title='bbox 518 1228 742 1308; x_wconf 79' lang='lat' dir='ltr'><strong>significatione</strong></span> <span class='ocrx_word' id='word_1_40' title='bbox 763 1231 988 1290; x_wconf 83' lang='lat' dir='ltr'><strong>sententiarum</strong></span> <span class='ocrx_word' id='word_1_41' title='bbox 1010 1249 1136 1292; x_wconf 84' lang='lat' dir='ltr'><strong>susmim</strong></span> <span class='ocrx_word' id='word_1_42' title='bbox 1158 1236 1338 1306; x_wconf 72' lang='lat' dir='ltr'><strong>argumento</strong></span> <span class='ocrx_word' id='word_1_43' title='bbox 1359 1249 1416 1312; x_wconf 88' lang='lat' dir='ltr'><strong>pe-</strong></span> 
     </span>
     <span class='ocr_line' id='line_1_7' title="bbox 331 1330 1416 1412; baseline 0.006 -22"><span class='ocrx_word' id='word_1_44' title='bbox 331 1330 457 1405; x_wconf 82' lang='lat' dir='ltr'><strong>tebant,</strong></span> <span class='ocrx_word' id='word_1_45' title='bbox 495 1330 726 1412; x_wconf 73' lang='lat' dir='ltr'><strong>elegantissime</strong></span> <span class='ocrx_word' id='word_1_46' title='bbox 747 1335 842 1409; x_wconf 85' lang='lat' dir='ltr'><strong>etque</strong></span> <span class='ocrx_word' id='word_1_47' title='bbox 868 1333 1127 1395; x_wconf 84' lang='lat' dir='ltr'><strong>artificiosissime</strong></span> <span class='ocrx_word' id='word_1_48' title='bbox 1154 1332 1328 1394; x_wconf 74' lang='lat' dir='ltr'><strong>tmtt&#39;attoae</strong></span> <span class='ocrx_word' id='word_1_49' title='bbox 1363 1354 1416 1397; x_wconf 83' lang='lat' dir='ltr'><strong>ex·</strong></span> 
     </span>
     <span class='ocr_line' id='line_1_8' title="bbox 331 1426 1417 1514; baseline 0.005 -19"><span class='ocrx_word' id='word_1_50' title='bbox 331 1426 447 1514; x_wconf 81' lang='lat' dir='ltr'><strong>pressit</strong></span> <span class='ocrx_word' id='word_1_51' title='bbox 468 1439 560 1513; x_wconf 85' lang='lat' dir='ltr'><strong>atquc</strong></span> <span class='ocrx_word' id='word_1_52' title='bbox 582 1433 707 1495; x_wconf 86' lang='lat' dir='ltr'><strong>delusit.</strong></span> <span class='ocrx_word' id='word_1_53' title='bbox 751 1432 843 1510; x_wconf 80' lang='lat' dir='ltr'><strong>Quod</strong></span> <span class='ocrx_word' id='word_1_54' title='bbox 864 1450 920 1494; x_wconf 89' lang='lat' dir='ltr'><strong>our</strong></span> <span class='ocrx_word' id='word_1_55' title='bbox 940 1434 984 1496; x_wconf 83' lang='lat' dir='ltr'><strong>its</strong></span> <span class='ocrx_word' id='word_1_56' title='bbox 1005 1434 1185 1508; x_wconf 81' lang='lat' dir='ltr'><strong>instituerit,</strong></span> <span class='ocrx_word' id='word_1_57' title='bbox 1208 1435 1236 1496; x_wconf 85' lang='lat' dir='ltr'><strong>si</strong></span> <span class='ocrx_word' id='word_1_58' title='bbox 1255 1454 1305 1497; x_wconf 88' lang='lat' dir='ltr'><strong>me</strong></span> <span class='ocrx_word' id='word_1_59' title='bbox 1321 1438 1417 1500; x_wconf 88' lang='lat' dir='ltr'><strong>inter-</strong></span> 
     </span>
    </p>
   </div>
   <div class='ocr_carea' id='block_1_3' title="bbox 275 1535 1563 4611">
    <p class='ocr_par' dir='ltr' id='par_1_3' title="bbox 326 1535 1563 2134">
     <span class='ocr_line' id='line_1_9' title="bbox 330 1535 1417 1619; baseline 0.006 -23"><span class='ocrx_word' id='word_1_60' title='bbox 330 1554 434 1615; x_wconf 71' lang='lat' dir='ltr'><strong>rogas,</strong></span> <span class='ocrx_word' id='word_1_61' title='bbox 457 1555 520 1598; x_wconf 87' lang='lat' dir='ltr'><strong>uon</strong></span> <span class='ocrx_word' id='word_1_62' title='bbox 542 1537 633 1597; x_wconf 87' lang='lat' dir='ltr'><strong>aliam</strong></span> <span class='ocrx_word' id='word_1_63' title='bbox 655 1536 748 1597; x_wconf 86' lang='lat' dir='ltr'><strong>huius</strong></span> <span class='ocrx_word' id='word_1_64' title='bbox 770 1535 818 1595; x_wconf 87' lang='lat' dir='ltr'><strong>rei</strong></span> <span class='ocrx_word' id='word_1_65' title='bbox 839 1553 979 1597; x_wconf 77' lang='lat' dir='ltr'><strong>orassem</strong></span> <span class='ocrx_word' id='word_1_66' title='bbox 1002 1556 1073 1600; x_wconf 86' lang='lat' dir='ltr'><strong>esse</strong></span> <span class='ocrx_word' id='word_1_67' title='bbox 1094 1536 1297 1613; x_wconf 76' lang='lat' dir='ltr'><strong>arbitremur,</strong></span> <span class='ocrx_word' id='word_1_68' title='bbox 1326 1559 1417 1619; x_wconf 84' lang='lat' dir='ltr'><strong>quam</strong></span> 
     </span>
     <span class='ocr_line' id='line_1_10' title="bbox 330 1632 1417 1719; baseline 0.006 -20"><span class='ocrx_word' id='word_1_69' title='bbox 330 1632 435 1714; x_wconf 76' lang='lat' dir='ltr'><strong>ilium,</strong></span> <span class='ocrx_word' id='word_1_70' title='bbox 466 1640 507 1699; x_wconf 89' lang='lat' dir='ltr'><strong>dc</strong></span> <span class='ocrx_word' id='word_1_71' title='bbox 535 1657 595 1717; x_wconf 80' lang='lat' dir='ltr'><strong>qaus</strong></span> <span class='ocrx_word' id='word_1_72' title='bbox 624 1638 740 1698; x_wconf 87' lang='lat' dir='ltr'><strong>dictum</strong></span> <span class='ocrx_word' id='word_1_73' title='bbox 766 1643 816 1699; x_wconf 82' lang='lat' dir='ltr'><strong>est</strong></span> <span class='ocrx_word' id='word_1_74' title='bbox 844 1638 877 1699; x_wconf 87' lang='lat' dir='ltr'><strong>ia</strong></span> <span class='ocrx_word' id='word_1_75' title='bbox 907 1639 1130 1719; x_wconf 86' lang='lat' dir='ltr'><strong>superioribus.</strong></span> <span class='ocrx_word' id='word_1_76' title='bbox 1188 1637 1306 1701; x_wconf 84' lang='lat' dir='ltr'><strong>Verum</strong></span> <span class='ocrx_word' id='word_1_77' title='bbox 1335 1645 1417 1704; x_wconf 88' lang='lat' dir='ltr'><strong>euim</strong></span> 
     </span>
     <span class='ocr_line' id='line_1_11' title="bbox 329 1741 1418 1826; baseline 0.005 -24"><span class='ocrx_word' id='word_1_78' title='bbox 329 1757 405 1802; x_wconf 84' lang='lat' dir='ltr'><strong>reru</strong></span> <span class='ocrx_word' id='word_1_79' title='bbox 434 1741 462 1801; x_wconf 92' lang='lat' dir='ltr'><strong>si</strong></span> <span class='ocrx_word' id='word_1_80' title='bbox 493 1741 546 1819; x_wconf 90' lang='lat' dir='ltr'><strong>qul</strong></span> <span class='ocrx_word' id='word_1_81' title='bbox 574 1742 652 1816; x_wconf 87' lang='lat' dir='ltr'><strong>siut,</strong></span> <span class='ocrx_word' id='word_1_82' title='bbox 680 1741 732 1821; x_wconf 82' lang='lat' dir='ltr'><strong>qni</strong></span> <span class='ocrx_word' id='word_1_83' title='bbox 753 1741 914 1802; x_wconf 86' lang='lat' dir='ltr'><strong>Platonem</strong></span> <span class='ocrx_word' id='word_1_84' title='bbox 943 1747 1055 1823; x_wconf 85' lang='lat' dir='ltr'><strong>puteat</strong></span> <span class='ocrx_word' id='word_1_85' title='bbox 1075 1741 1135 1804; x_wconf 84' lang='lat' dir='ltr'><strong>bac</strong></span> <span class='ocrx_word' id='word_1_86' title='bbox 1154 1741 1187 1803; x_wconf 91' lang='lat' dir='ltr'><strong>ln</strong></span> <span class='ocrx_word' id='word_1_87' title='bbox 1208 1759 1245 1803; x_wconf 86' lang='lat' dir='ltr'><strong>re</strong></span> <span class='ocrx_word' id='word_1_88' title='bbox 1265 1745 1418 1826; x_wconf 82' lang='lat' dir='ltr'><strong>intempe-</strong></span> 
     </span>
     <span class='ocr_line' id='line_1_12' title="bbox 326 1843 1419 1927; baseline 0.004 -21"><span class='ocrx_word' id='word_1_89' title='bbox 326 1846 456 1927; x_wconf 86' lang='lat' dir='ltr'><strong>perantl</strong></span> <span class='ocrx_word' id='word_1_90' title='bbox 486 1851 659 1925; x_wconf 72' lang='lat' dir='ltr'><strong>grassatum</strong></span> <span class='ocrx_word' id='word_1_91' title='bbox 690 1861 761 1905; x_wconf 88' lang='lat' dir='ltr'><strong>esse</strong></span> <span class='ocrx_word' id='word_1_92' title='bbox 787 1843 930 1921; x_wconf 84' lang='lat' dir='ltr'><strong>licentia,</strong></span> <span class='ocrx_word' id='word_1_93' title='bbox 966 1845 990 1905; x_wconf 89' lang='lat' dir='ltr'><strong>ii</strong></span> <span class='ocrx_word' id='word_1_94' title='bbox 1018 1851 1132 1926; x_wconf 76' lang='lat' dir='ltr'><strong>parate</strong></span> <span class='ocrx_word' id='word_1_95' title='bbox 1166 1844 1265 1906; x_wconf 83' lang='lat' dir='ltr'><strong>inerit</strong></span> <span class='ocrx_word' id='word_1_96' title='bbox 1296 1849 1328 1908; x_wconf 89' lang='lat' dir='ltr'><strong>in</strong></span> <span class='ocrx_word' id='word_1_97' title='bbox 1357 1849 1419 1910; x_wconf 91' lang='lat' dir='ltr'><strong>boc</strong></span> 
     </span>
     <span class='ocr_line' id='line_1_13' title="bbox 328 1946 1563 2030; baseline 0.006 -23"><span class='ocrx_word' id='word_1_98' title='bbox 328 1967 458 2030; x_wconf 80' lang='lat' dir='ltr'><strong>quoque</strong></span> <span class='ocrx_word' id='word_1_99' title='bbox 484 1963 599 2029; x_wconf 72' lang='lat' dir='ltr'><strong>genere</strong></span> <span class='ocrx_word' id='word_1_100' title='bbox 624 1947 692 2009; x_wconf 86' lang='lat' dir='ltr'><strong>eins</strong></span> <span class='ocrx_word' id='word_1_101' title='bbox 724 1946 867 2010; x_wconf 84' lang='lat' dir='ltr'><strong>sollertia</strong></span> <span class='ocrx_word' id='word_1_102' title='bbox 900 1952 994 2028; x_wconf 83' lang='lat' dir='ltr'><strong>atque</strong></span> <span class='ocrx_word' id='word_1_103' title='bbox 1029 1948 1195 2029; x_wconf 83' lang='lat' dir='ltr'><strong>sapientis,</strong></span> <span class='ocrx_word' id='word_1_104' title='bbox 1230 1950 1417 2014; x_wconf 80' lang='lat' dir='ltr'><strong>admonendi</strong></span> <span class='ocrx_word' id='word_1_105' title='bbox 1561 1989 1563 1999; x_wconf 92' lang='lat'><em>·</em></span> 
     </span>
     <span class='ocr_line' id='line_1_14' title="bbox 329 2049 1512 2134; baseline 0.003 -22"><span class='ocrx_word' id='word_1_106' title='bbox 329 2051 486 2114; x_wconf 87' lang='lat' dir='ltr'><strong>ridentur.</strong></span> <span class='ocrx_word' id='word_1_107' title='bbox 530 2049 664 2111; x_wconf 80' lang='lat' dir='ltr'><strong>Tantum</strong></span> <span class='ocrx_word' id='word_1_108' title='bbox 686 2049 766 2112; x_wconf 88' lang='lat' dir='ltr'><strong>enim</strong></span> <span class='ocrx_word' id='word_1_109' title='bbox 788 2050 888 2125; x_wconf 86' lang='lat' dir='ltr'><strong>abest,</strong></span> <span class='ocrx_word' id='word_1_110' title='bbox 909 2057 947 2112; x_wconf 89' lang='lat' dir='ltr'><strong>ut</strong></span> <span class='ocrx_word' id='word_1_111' title='bbox 968 2051 1015 2113; x_wconf 83' lang='lat' dir='ltr'><strong>vir</strong></span> <span class='ocrx_word' id='word_1_112' title='bbox 1035 2051 1152 2134; x_wconf 69' lang='lat' dir='ltr'><strong>ingenii</strong></span> <span class='ocrx_word' id='word_1_113' title='bbox 1171 2069 1302 2131; x_wconf 83' lang='lat' dir='ltr'><strong>prorsus</strong></span> <span class='ocrx_word' id='word_1_114' title='bbox 1321 2054 1416 2116; x_wconf 83' lang='lat' dir='ltr'><strong>divini</strong></span> <span class='ocrx_word' id='word_1_115' title='bbox 1510 2085 1512 2089; x_wconf 88' lang='lat'><em>·</em></span> 
     </span>
    </p>

    <p class='ocr_par' dir='ltr' id='par_1_4' title="bbox 275 2153 1418 4611">
     <span class='ocr_line' id='line_1_15' title="bbox 329 2153 1415 2235; baseline 0.003 -19"><span class='ocrx_word' id='word_1_116' title='bbox 329 2157 385 2217; x_wconf 83' lang='lat' dir='ltr'><strong>ills</strong></span> <span class='ocrx_word' id='word_1_117' title='bbox 413 2153 673 2235; x_wconf 74' lang='lat' dir='ltr'><strong>significationum</strong></span> <span class='ocrx_word' id='word_1_118' title='bbox 698 2154 848 2214; x_wconf 65' lang='lat' dir='ltr'><strong>vadente</strong></span> <span class='ocrx_word' id='word_1_119' title='bbox 873 2174 910 2215; x_wconf 86' lang='lat' dir='ltr'><strong>ac</strong></span> <span class='ocrx_word' id='word_1_120' title='bbox 926 2155 1139 2217; x_wconf 36' lang='lat' dir='ltr'><strong>*multitudine</strong></span> <span class='ocrx_word' id='word_1_121' title='bbox 1160 2163 1279 2216; x_wconf 79' lang='lat' dir='ltr'><strong>temam</strong></span> <span class='ocrx_word' id='word_1_122' title='bbox 1301 2157 1415 2220; x_wconf 85' lang='lat' dir='ltr'><strong>abusus</strong></span> 
     </span>
     <span class='ocr_line' id='line_1_16' title="bbox 330 2258 1416 2338; baseline 0.002 -18"><span class='ocrx_word' id='word_1_123' title='bbox 330 2259 388 2334; x_wconf 84' lang='lat' dir='ltr'><strong>sit,</strong></span> <span class='ocrx_word' id='word_1_124' title='bbox 419 2266 454 2319; x_wconf 89' lang='lat' dir='ltr'><strong>nt</strong></span> <span class='ocrx_word' id='word_1_125' title='bbox 475 2276 542 2317; x_wconf 88' lang='lat' dir='ltr'><strong>eam</strong></span> <span class='ocrx_word' id='word_1_126' title='bbox 569 2259 811 2338; x_wconf 85' lang='lat' dir='ltr'><strong>prudentissimo</strong></span> <span class='ocrx_word' id='word_1_127' title='bbox 839 2258 970 2320; x_wconf 86' lang='lat' dir='ltr'><strong>consilio</strong></span> <span class='ocrx_word' id='word_1_128' title='bbox 991 2259 1036 2321; x_wconf 92' lang='lat' dir='ltr'><strong>ibi</strong></span> <span class='ocrx_word' id='word_1_129' title='bbox 1057 2259 1128 2320; x_wconf 84' lang='lat' dir='ltr'><strong>iere</strong></span> <span class='ocrx_word' id='word_1_130' title='bbox 1149 2259 1328 2334; x_wconf 75' lang='lat' dir='ltr'><strong>admiserit,</strong></span> <span class='ocrx_word' id='word_1_131' title='bbox 1363 2262 1416 2322; x_wconf 91' lang='lat' dir='ltr'><strong>ubl</strong></span> 
     </span>
     <span class='ocr_line' id='line_1_17' title="bbox 330 2361 1415 2444; baseline 0.002 -22"><span class='ocrx_word' id='word_1_132' title='bbox 330 2362 400 2443; x_wconf 81' lang='lat' dir='ltr'><strong>ipss</strong></span> <span class='ocrx_word' id='word_1_133' title='bbox 421 2361 459 2422; x_wconf 90' lang='lat' dir='ltr'><strong>ad</strong></span> <span class='ocrx_word' id='word_1_134' title='bbox 482 2361 653 2440; x_wconf 88' lang='lat' dir='ltr'><strong>pleniorem</strong></span> <span class='ocrx_word' id='word_1_135' title='bbox 677 2361 934 2442; x_wconf 68' lang='lat' dir='ltr'><strong>subtilioremque</strong></span> <span class='ocrx_word' id='word_1_136' title='bbox 956 2363 1146 2444; x_wconf 67' lang='lat' dir='ltr'><strong>argumenti,</strong></span> <span class='ocrx_word' id='word_1_137' title='bbox 1174 2363 1259 2439; x_wconf 80' lang='lat' dir='ltr'><strong>quod</strong></span> <span class='ocrx_word' id='word_1_138' title='bbox 1280 2369 1415 2424; x_wconf 86' lang='lat' dir='ltr'><strong>tractan-</strong></span> 
     </span>
     <span class='ocr_line' id='line_1_18' title="bbox 330 2464 1415 2546; baseline 0.004 -20"><span class='ocrx_word' id='word_1_139' title='bbox 330 2465 404 2526; x_wconf 88' lang='lat' dir='ltr'><strong>dum</strong></span> <span class='ocrx_word' id='word_1_140' title='bbox 426 2464 625 2543; x_wconf 71' lang='lat' dir='ltr'><strong>suscepisset,</strong></span> <span class='ocrx_word' id='word_1_141' title='bbox 654 2465 887 2543; x_wconf 72' lang='lat' dir='ltr'><strong>explicationem</strong></span> <span class='ocrx_word' id='word_1_142' title='bbox 915 2472 1008 2546; x_wconf 88' lang='lat' dir='ltr'><strong>atque</strong></span> <span class='ocrx_word' id='word_1_143' title='bbox 1036 2466 1276 2528; x_wconf 83' lang='lat' dir='ltr'><strong>illustrationem</strong></span> <span class='ocrx_word' id='word_1_144' title='bbox 1298 2469 1415 2530; x_wconf 88' lang='lat' dir='ltr'><strong>condu-</strong></span> 
     </span>
     <span class='ocr_line' id='line_1_19' title="bbox 331 2566 1414 2646; baseline 0.005 -17"><span class='ocrx_word' id='word_1_145' title='bbox 331 2585 404 2629; x_wconf 88' lang='lat' dir='ltr'><strong>cere</strong></span> <span class='ocrx_word' id='word_1_146' title='bbox 425 2566 592 2627; x_wconf 77' lang='lat' dir='ltr'><strong>videretur.</strong></span> <span class='ocrx_word' id='word_1_147' title='bbox 651 2569 719 2646; x_wconf 78' lang='lat' dir='ltr'><strong>Qua</strong></span> <span class='ocrx_word' id='word_1_148' title='bbox 738 2570 772 2629; x_wconf 89' lang='lat' dir='ltr'><strong>in</strong></span> <span class='ocrx_word' id='word_1_149' title='bbox 793 2586 829 2628; x_wconf 91' lang='lat' dir='ltr'><strong>re</strong></span> <span class='ocrx_word' id='word_1_150' title='bbox 850 2568 957 2628; x_wconf 82' lang='lat' dir='ltr'><strong>uidere</strong></span> <span class='ocrx_word' id='word_1_151' title='bbox 978 2569 1061 2642; x_wconf 87' lang='lat' dir='ltr'><strong>licet,</strong></span> <span class='ocrx_word' id='word_1_152' title='bbox 1084 2575 1232 2646; x_wconf 83' lang='lat' dir='ltr'><strong>quantum</strong></span> <span class='ocrx_word' id='word_1_153' title='bbox 1252 2570 1414 2646; x_wconf 78' lang='lat' dir='ltr'><strong>Eristicos,</strong></span> 
     </span>
     <span class='ocr_line' id='line_1_20' title="bbox 331 2670 1415 2750; baseline 0.003 -19"><span class='ocrx_word' id='word_1_154' title='bbox 331 2676 369 2731; x_wconf 90' lang='lat' dir='ltr'><strong>ut</strong></span> <span class='ocrx_word' id='word_1_155' title='bbox 388 2670 458 2750; x_wconf 88' lang='lat' dir='ltr'><strong>ipse</strong></span> <span class='ocrx_word' id='word_1_156' title='bbox 479 2671 625 2748; x_wconf 82' lang='lat' dir='ltr'><strong>appellat,</strong></span> <span class='ocrx_word' id='word_1_157' title='bbox 648 2676 681 2730; x_wconf 90' lang='lat' dir='ltr'><strong>et</strong></span> <span class='ocrx_word' id='word_1_158' title='bbox 702 2671 815 2731; x_wconf 88' lang='lat' dir='ltr'><strong>mentis</strong></span> <span class='ocrx_word' id='word_1_159' title='bbox 835 2670 1025 2749; x_wconf 84' lang='lat' dir='ltr'><strong>perspicacia</strong></span> <span class='ocrx_word' id='word_1_160' title='bbox 1047 2676 1081 2730; x_wconf 90' lang='lat' dir='ltr'><strong>et</strong></span> <span class='ocrx_word' id='word_1_161' title='bbox 1102 2670 1282 2749; x_wconf 73' lang='lat' dir='ltr'><strong>disputandi</strong></span> <span class='ocrx_word' id='word_1_162' title='bbox 1302 2674 1415 2735; x_wconf 89' lang='lat' dir='ltr'><strong>soller-</strong></span> 
     </span>
     <span class='ocr_line' id='line_1_21' title="bbox 331 2773 1416 2854; baseline 0 -19"><span class='ocrx_word' id='word_1_163' title='bbox 331 2773 376 2835; x_wconf 80' lang='lat' dir='ltr'><strong>tta</strong></span> <span class='ocrx_word' id='word_1_164' title='bbox 396 2773 597 2853; x_wconf 80' lang='lat' dir='ltr'><strong>superaverit.</strong></span> <span class='ocrx_word' id='word_1_165' title='bbox 661 2773 828 2834; x_wconf 85' lang='lat' dir='ltr'><strong>Enimvero</strong></span> <span class='ocrx_word' id='word_1_166' title='bbox 859 2773 919 2833; x_wconf 90' lang='lat' dir='ltr'><strong>etsi</strong></span> <span class='ocrx_word' id='word_1_167' title='bbox 941 2788 1050 2832; x_wconf 85' lang='lat' dir='ltr'><strong>eorum</strong></span> <span class='ocrx_word' id='word_1_168' title='bbox 1073 2778 1172 2840; x_wconf 66' lang='lat' dir='ltr'><strong>arten</strong></span> <span class='ocrx_word' id='word_1_169' title='bbox 1192 2781 1324 2854; x_wconf 82' lang='lat' dir='ltr'><strong>propter</strong></span> <span class='ocrx_word' id='word_1_170' title='bbox 1344 2794 1416 2835; x_wconf 83' lang='lat' dir='ltr'><strong>acti·</strong></span> 
     </span>
     <span class='ocr_line' id='line_1_22' title="bbox 331 2874 1416 2956; baseline -0.001 -19"><span class='ocrx_word' id='word_1_171' title='bbox 331 2875 427 2956; x_wconf 80' lang='lat' dir='ltr'><strong>minis</strong></span> <span class='ocrx_word' id='word_1_172' title='bbox 449 2877 481 2937; x_wconf 91' lang='lat' dir='ltr'><strong>in</strong></span> <span class='ocrx_word' id='word_1_173' title='bbox 509 2894 548 2934; x_wconf 89' lang='lat' dir='ltr'><strong>ea</strong></span> <span class='ocrx_word' id='word_1_174' title='bbox 576 2875 780 2956; x_wconf 87' lang='lat' dir='ltr'><strong>prominentis</strong></span> <span class='ocrx_word' id='word_1_175' title='bbox 806 2894 896 2938; x_wconf 86' lang='lat' dir='ltr'><strong>usum</strong></span> <span class='ocrx_word' id='word_1_176' title='bbox 925 2893 988 2936; x_wconf 88' lang='lat' dir='ltr'><strong>uon</strong></span> <span class='ocrx_word' id='word_1_177' title='bbox 1017 2874 1142 2935; x_wconf 89' lang='lat' dir='ltr'><strong>omniuo</strong></span> <span class='ocrx_word' id='word_1_178' title='bbox 1168 2875 1339 2955; x_wconf 86' lang='lat' dir='ltr'><strong>despicatui</strong></span> <span class='ocrx_word' id='word_1_179' title='bbox 1360 2878 1416 2937; x_wconf 84' lang='lat' dir='ltr'><strong>bs·</strong></span> 
     </span>
     <span class='ocr_line' id='line_1_23' title="bbox 332 2978 1416 3058; baseline -0.003 -16"><span class='ocrx_word' id='word_1_180' title='bbox 332 2981 421 3055; x_wconf 88' lang='lat' dir='ltr'><strong>buit,</strong></span> <span class='ocrx_word' id='word_1_181' title='bbox 448 2985 551 3040; x_wconf 77' lang='lat' dir='ltr'><strong>tamen</strong></span> <span class='ocrx_word' id='word_1_182' title='bbox 574 2980 686 3058; x_wconf 87' lang='lat' dir='ltr'><strong>quibus</strong></span> <span class='ocrx_word' id='word_1_183' title='bbox 708 2997 744 3039; x_wconf 85' lang='lat' dir='ltr'><strong>ea</strong></span> <span class='ocrx_word' id='word_1_184' title='bbox 772 2980 930 3040; x_wconf 73' lang='lat' dir='ltr'><strong>laboraret</strong></span> <span class='ocrx_word' id='word_1_185' title='bbox 951 2978 1109 3058; x_wconf 84' lang='lat' dir='ltr'><strong>partibus,</strong></span> <span class='ocrx_word' id='word_1_186' title='bbox 1141 2979 1277 3058; x_wconf 80' lang='lat' dir='ltr'><strong>pervidit</strong></span> <span class='ocrx_word' id='word_1_187' title='bbox 1303 2979 1416 3040; x_wconf 87' lang='lat' dir='ltr'><strong>acutia·</strong></span> 
     </span>
     <span class='ocr_line' id='line_1_24' title="bbox 330 3081 1416 3163; baseline -0.005 -17"><span class='ocrx_word' id='word_1_188' title='bbox 330 3082 444 3159; x_wconf 54' lang='lat' dir='ltr'><strong>dine,</strong></span> <span class='ocrx_word' id='word_1_189' title='bbox 470 3083 609 3163; x_wconf 84' lang='lat' dir='ltr'><strong>Namque</strong></span> <span class='ocrx_word' id='word_1_190' title='bbox 635 3083 831 3144; x_wconf 84' lang='lat' dir='ltr'><strong>temerariam</strong></span> <span class='ocrx_word' id='word_1_191' title='bbox 857 3083 941 3144; x_wconf 85' lang='lat' dir='ltr'><strong>illam</strong></span> <span class='ocrx_word' id='word_1_192' title='bbox 969 3083 1189 3145; x_wconf 82' lang='lat' dir='ltr'><strong>vocabulorum</strong></span> <span class='ocrx_word' id='word_1_193' title='bbox 1212 3088 1245 3143; x_wconf 88' lang='lat' dir='ltr'><strong>et</strong></span> <span class='ocrx_word' id='word_1_194' title='bbox 1265 3081 1416 3143; x_wconf 77' lang='lat' dir='ltr'><strong>formula·</strong></span> 
     </span>
     <span class='ocr_line' id='line_1_25' title="bbox 330 3185 1415 3268; baseline -0.001 -20"><span class='ocrx_word' id='word_1_195' title='bbox 330 3194 401 3248; x_wconf 82' lang='lat' dir='ltr'><strong>rudi</strong></span> <span class='ocrx_word' id='word_1_196' title='bbox 413 3201 416 3212; x_wconf 90' lang='grc'><em>·</em></span> <span class='ocrx_word' id='word_1_197' title='bbox 429 3187 606 3267; x_wconf 87' lang='lat' dir='ltr'><strong>promiscue</strong></span> <span class='ocrx_word' id='word_1_198' title='bbox 632 3187 894 3268; x_wconf 80' lang='lat' dir='ltr'><strong>usurpandsmm</strong></span> <span class='ocrx_word' id='word_1_199' title='bbox 912 3187 1069 3248; x_wconf 89' lang='lat' dir='ltr'><strong>licentiam</strong></span> <span class='ocrx_word' id='word_1_200' title='bbox 1096 3185 1313 3248; x_wconf 84' lang='lat' dir='ltr'><strong>snimadvertlt</strong></span> <span class='ocrx_word' id='word_1_201' title='bbox 1341 3204 1415 3265; x_wconf 85' lang='lat' dir='ltr'><strong>pru-</strong></span> 
     </span>
     <span class='ocr_line' id='line_1_26' title="bbox 275 3286 1413 3371; baseline -0.001 -19"><span class='ocrx_word' id='word_1_202' title='bbox 275 3286 277 3290; x_wconf 72' lang='grc'><strong>’</strong></span> <span class='ocrx_word' id='word_1_203' title='bbox 331 3291 445 3352; x_wconf 84' lang='lat' dir='ltr'><strong>denter</strong></span> <span class='ocrx_word' id='word_1_204' title='bbox 473 3307 543 3352; x_wconf 86' lang='lat' dir='ltr'><strong>esse</strong></span> <span class='ocrx_word' id='word_1_205' title='bbox 570 3291 801 3370; x_wconf 88' lang='lat' dir='ltr'><strong>temperandam</strong></span> <span class='ocrx_word' id='word_1_206' title='bbox 830 3296 923 3371; x_wconf 81' lang='lat' dir='ltr'><strong>sique</strong></span> <span class='ocrx_word' id='word_1_207' title='bbox 958 3291 1072 3353; x_wconf 87' lang='lat' dir='ltr'><strong>linibus</strong></span> <span class='ocrx_word' id='word_1_208' title='bbox 1108 3291 1173 3353; x_wconf 87' lang='lat' dir='ltr'><strong>suis</strong></span> <span class='ocrx_word' id='word_1_209' title='bbox 1203 3289 1413 3351; x_wconf 71' lang='lat' dir='ltr'><strong>coircendam.</strong></span> 
     </span>
     <span class='ocr_line' id='line_1_27' title="bbox 331 3392 1414 3474; baseline 0.001 -20"><span class='ocrx_word' id='word_1_210' title='bbox 331 3393 424 3472; x_wconf 76' lang='lat' dir='ltr'><strong>Quod</strong></span> <span class='ocrx_word' id='word_1_211' title='bbox 448 3392 603 3472; x_wconf 81' lang='lat' dir='ltr'><strong>quomodo</strong></span> <span class='ocrx_word' id='word_1_212' title='bbox 625 3393 774 3468; x_wconf 89' lang='lat' dir='ltr'><strong>eiiioerit,</strong></span> <span class='ocrx_word' id='word_1_213' title='bbox 809 3394 936 3474; x_wconf 75' lang='lat' dir='ltr'><strong>dignum</strong></span> <span class='ocrx_word' id='word_1_214' title='bbox 962 3401 1013 3455; x_wconf 87' lang='lat' dir='ltr'><strong>est</strong></span> <span class='ocrx_word' id='word_1_215' title='bbox 1039 3401 1074 3455; x_wconf 92' lang='lat' dir='ltr'><strong>ut</strong></span> <span class='ocrx_word' id='word_1_216' title='bbox 1101 3394 1207 3473; x_wconf 81' lang='lat' dir='ltr'><strong>paucis</strong></span> <span class='ocrx_word' id='word_1_217' title='bbox 1234 3394 1414 3470; x_wconf 84' lang='lat' dir='ltr'><strong>explicetur.</strong></span> 
     </span>
     <span class='ocr_line' id='line_1_28' title="bbox 330 3495 1415 3574; baseline -0.001 -17"><span class='ocrx_word' id='word_1_218' title='bbox 330 3495 421 3558; x_wconf 75' lang='lat' dir='ltr'><strong>usos</strong></span> <span class='ocrx_word' id='word_1_219' title='bbox 449 3497 530 3555; x_wconf 90' lang='lat' dir='ltr'><strong>euim</strong></span> <span class='ocrx_word' id='word_1_220' title='bbox 560 3495 775 3557; x_wconf 87' lang='lat' dir='ltr'><strong>Parmenidem</strong></span> <span class='ocrx_word' id='word_1_221' title='bbox 796 3497 841 3558; x_wconf 87' lang='lat' dir='ltr'><strong>ita</strong></span> <span class='ocrx_word' id='word_1_222' title='bbox 862 3498 1087 3571; x_wconf 82' lang='lat' dir='ltr'><strong>disserentem,</strong></span> <span class='ocrx_word' id='word_1_223' title='bbox 1116 3504 1152 3556; x_wconf 88' lang='lat' dir='ltr'><strong>ut</strong></span> <span class='ocrx_word' id='word_1_224' title='bbox 1172 3495 1199 3556; x_wconf 90' lang='lat' dir='ltr'><strong>is</strong></span> <span class='ocrx_word' id='word_1_225' title='bbox 1222 3501 1327 3555; x_wconf 83' lang='lat' dir='ltr'><strong>utatur</strong></span> <span class='ocrx_word' id='word_1_226' title='bbox 1348 3497 1415 3574; x_wconf 87' lang='lat' dir='ltr'><strong>qui-</strong></span> 
     </span>
     <span class='ocr_line' id='line_1_29' title="bbox 331 3598 1414 3681; baseline -0.003 -20"><span class='ocrx_word' id='word_1_227' title='bbox 331 3600 402 3662; x_wconf 87' lang='lat' dir='ltr'><strong>dem</strong></span> <span class='ocrx_word' id='word_1_228' title='bbox 431 3600 650 3661; x_wconf 75' lang='lat' dir='ltr'><strong>vocubulorum</strong></span> <span class='ocrx_word' id='word_1_229' title='bbox 680 3599 882 3681; x_wconf 68' lang='lat' dir='ltr'><strong>ambiguitate</strong></span> <span class='ocrx_word' id='word_1_230' title='bbox 910 3599 950 3660; x_wconf 87' lang='lat' dir='ltr'><strong>sd</strong></span> <span class='ocrx_word' id='word_1_231' title='bbox 972 3598 1198 3661; x_wconf 89' lang='lat' dir='ltr'><strong>concludendas</strong></span> <span class='ocrx_word' id='word_1_232' title='bbox 1221 3605 1414 3678; x_wconf 82' lang='lat' dir='ltr'><strong>argumento·</strong></span> 
     </span>
     <span class='ocr_line' id='line_1_30' title="bbox 331 3701 1416 3778; baseline -0.003 -12"><span class='ocrx_word' id='word_1_233' title='bbox 331 3724 401 3766; x_wconf 85' lang='lat' dir='ltr'><strong>rum</strong></span> <span class='ocrx_word' id='word_1_234' title='bbox 423 3705 571 3778; x_wconf 80' lang='lat' dir='ltr'><strong>rationes,</strong></span> <span class='ocrx_word' id='word_1_235' title='bbox 594 3703 650 3766; x_wconf 89' lang='lat' dir='ltr'><strong>sed</strong></span> <span class='ocrx_word' id='word_1_236' title='bbox 671 3709 775 3765; x_wconf 89' lang='lat' dir='ltr'><strong>tamen</strong></span> <span class='ocrx_word' id='word_1_237' title='bbox 796 3702 840 3762; x_wconf 88' lang='lat' dir='ltr'><strong>its</strong></span> <span class='ocrx_word' id='word_1_238' title='bbox 861 3706 983 3776; x_wconf 83' lang='lat' dir='ltr'><strong>utatur,</strong></span> <span class='ocrx_word' id='word_1_239' title='bbox 1013 3710 1049 3764; x_wconf 88' lang='lat' dir='ltr'><strong>ut</strong></span> <span class='ocrx_word' id='word_1_240' title='bbox 1071 3705 1172 3764; x_wconf 87' lang='lat' dir='ltr'><strong>omnia</strong></span> <span class='ocrx_word' id='word_1_241' title='bbox 1193 3703 1232 3763; x_wconf 87' lang='lat' dir='ltr'><strong>ed</strong></span> <span class='ocrx_word' id='word_1_242' title='bbox 1254 3701 1416 3763; x_wconf 84' lang='lat' dir='ltr'><strong>universae</strong></span> 
     </span>
     <span class='ocr_line' id='line_1_31' title="bbox 331 3800 1416 3889; baseline -0.005 -20"><span class='ocrx_word' id='word_1_243' title='bbox 331 3807 553 3889; x_wconf 84' lang='lat' dir='ltr'><strong>disputationis</strong></span> <span class='ocrx_word' id='word_1_244' title='bbox 577 3800 766 3869; x_wconf 57' lang='lat' dir='ltr'><strong>&#39;sententiam</strong></span> <span class='ocrx_word' id='word_1_245' title='bbox 794 3807 952 3886; x_wconf 82' lang='lat' dir='ltr'><strong>sapienter</strong></span> <span class='ocrx_word' id='word_1_246' title='bbox 972 3805 1202 3867; x_wconf 84' lang='lat' dir='ltr'><strong>accommodata</strong></span> <span class='ocrx_word' id='word_1_247' title='bbox 1225 3805 1296 3880; x_wconf 89' lang='lat' dir='ltr'><strong>sint,</strong></span> <span class='ocrx_word' id='word_1_248' title='bbox 1320 3822 1416 3883; x_wconf 83' lang='lat' dir='ltr'><strong>qtrsn·</strong></span> 
     </span>
     <span class='ocr_line' id='line_1_32' title="bbox 331 3902 1415 3992; baseline -0.005 -20"><span class='ocrx_word' id='word_1_249' title='bbox 331 3911 500 3992; x_wconf 85' lang='lat' dir='ltr'><strong>doquidem</strong></span> <span class='ocrx_word' id='word_1_250' title='bbox 523 3929 562 3971; x_wconf 85' lang='lat' dir='ltr'><strong>eo</strong></span> <span class='ocrx_word' id='word_1_251' title='bbox 584 3909 678 3971; x_wconf 90' lang='lat' dir='ltr'><strong>modo</strong></span> <span class='ocrx_word' id='word_1_252' title='bbox 707 3914 773 3970; x_wconf 89' lang='lat' dir='ltr'><strong>tum</strong></span> <span class='ocrx_word' id='word_1_253' title='bbox 795 3910 856 3970; x_wconf 83' lang='grc' dir='ltr'><strong>τοῦ</strong></span> <span class='ocrx_word' id='word_1_254' title='bbox 888 3902 962 3982; x_wconf 80' lang='grc' dir='ltr'><em>ἑνός</em></span> <span class='ocrx_word' id='word_1_255' title='bbox 990 3915 1057 3970; x_wconf 90' lang='lat' dir='ltr'><strong>tum</strong></span> <span class='ocrx_word' id='word_1_256' title='bbox 1079 3911 1147 3971; x_wconf 83' lang='grc' dir='ltr'><strong>τῶν</strong></span> <span class='ocrx_word' id='word_1_257' title='bbox 1173 3911 1292 3991; x_wconf 75' lang='grc' dir='ltr'><em>ἐτέρων</em></span> <span class='ocrx_word' id='word_1_258' title='bbox 1312 3905 1415 3969; x_wconf 86' lang='lat' dir='ltr'><strong>rarise</strong></span> 
     </span>
     <span class='ocr_line' id='line_1_33' title="bbox 331 4008 1417 4095; baseline -0.005 -18"><span class='ocrx_word' id='word_1_259' title='bbox 331 4035 369 4077; x_wconf 83' lang='lat' dir='ltr'><strong>sc</strong></span> <span class='ocrx_word' id='word_1_260' title='bbox 388 4014 580 4095; x_wconf 88' lang='lat' dir='ltr'><strong>multiplices</strong></span> <span class='ocrx_word' id='word_1_261' title='bbox 601 4014 738 4073; x_wconf 87' lang='lat' dir='ltr'><strong>rationes</strong></span> <span class='ocrx_word' id='word_1_262' title='bbox 761 4017 794 4072; x_wconf 87' lang='lat' dir='ltr'><strong>et</strong></span> <span class='ocrx_word' id='word_1_263' title='bbox 814 4013 945 4074; x_wconf 79' lang='lat' dir='ltr'><strong>virtutes</strong></span> <span class='ocrx_word' id='word_1_264' title='bbox 967 4013 1094 4094; x_wconf 73' lang='lat' dir='ltr'><strong>egregie</strong></span> <span class='ocrx_word' id='word_1_265' title='bbox 1116 4010 1352 4075; x_wconf 71' lang='lat' dir='ltr'><strong>collustrantur,</strong></span> <span class='ocrx_word' id='word_1_266' title='bbox 1369 4008 1417 4072; x_wconf 80' lang='lat' dir='ltr'><strong>bs</strong></span> 
     </span>
     <span class='ocr_line' id='line_1_34' title="bbox 331 4113 1418 4200; baseline -0.007 -18"><span class='ocrx_word' id='word_1_267' title='bbox 331 4137 395 4200; x_wconf 84' lang='lat' dir='ltr'><strong>quo</strong></span> <span class='ocrx_word' id='word_1_268' title='bbox 425 4119 551 4199; x_wconf 86' lang='lat' dir='ltr'><strong>quidem</strong></span> <span class='ocrx_word' id='word_1_269' title='bbox 579 4115 753 4179; x_wconf 87' lang='lat' dir='ltr'><strong>disserendi</strong></span> <span class='ocrx_word' id='word_1_270' title='bbox 780 4115 912 4175; x_wconf 78' lang='lat' dir='ltr'><strong>artificio</strong></span> <span class='ocrx_word' id='word_1_271' title='bbox 941 4117 1084 4195; x_wconf 89' lang='lat' dir='ltr'><strong>quonlam</strong></span> <span class='ocrx_word' id='word_1_272' title='bbox 1118 4113 1193 4175; x_wconf 83' lang='lat' dir='ltr'><strong>setis</strong></span> <span class='ocrx_word' id='word_1_273' title='bbox 1221 4113 1418 4175; x_wconf 83' lang='lat' dir='ltr'><strong>dictumest</strong></span> 
     </span>
     <span class='ocr_line' id='line_1_35' title="bbox 330 4216 1416 4302; baseline -0.006 -19"><span class='ocrx_word' id='word_1_274' title='bbox 330 4222 364 4283; x_wconf 86' lang='lat' dir='ltr'><strong>in</strong></span> <span class='ocrx_word' id='word_1_275' title='bbox 393 4221 569 4302; x_wconf 73' lang='lat' dir='ltr'><strong>argumenti</strong></span> <span class='ocrx_word' id='word_1_276' title='bbox 594 4218 807 4293; x_wconf 87' lang='lat' dir='ltr'><strong>enarratione,</strong></span> <span class='ocrx_word' id='word_1_277' title='bbox 835 4219 979 4280; x_wconf 90' lang='lat' dir='ltr'><strong>nolumus</strong></span> <span class='ocrx_word' id='word_1_278' title='bbox 1000 4218 1061 4278; x_wconf 90' lang='lat' dir='ltr'><strong>boc</strong></span> <span class='ocrx_word' id='word_1_279' title='bbox 1083 4217 1152 4277; x_wconf 90' lang='lat' dir='ltr'><strong>loco</strong></span> <span class='ocrx_word' id='word_1_280' title='bbox 1173 4216 1306 4290; x_wconf 87' lang='lat' dir='ltr'><strong>iterare,</strong></span> <span class='ocrx_word' id='word_1_281' title='bbox 1337 4231 1416 4295; x_wconf 72' lang='lat' dir='ltr'><strong>quiae</strong></span> 
     </span>
     <span class='ocr_line' id='line_1_36' title="bbox 330 4318 1417 4404; baseline -0.008 -17"><span class='ocrx_word' id='word_1_282' title='bbox 330 4343 414 4387; x_wconf 85' lang='lat' dir='ltr'><strong>nunc</strong></span> <span class='ocrx_word' id='word_1_283' title='bbox 434 4346 453 4387; x_wconf 86' lang='lat' dir='ltr'><strong>s</strong></span> <span class='ocrx_word' id='word_1_284' title='bbox 475 4324 618 4404; x_wconf 85' lang='lat' dir='ltr'><strong>quolibet</strong></span> <span class='ocrx_word' id='word_1_285' title='bbox 637 4326 750 4403; x_wconf 85' lang='lat' dir='ltr'><strong>sponte</strong></span> <span class='ocrx_word' id='word_1_286' title='bbox 769 4321 962 4382; x_wconf 87' lang='lat' dir='ltr'><strong>intellectum</strong></span> <span class='ocrx_word' id='word_1_287' title='bbox 983 4319 1024 4381; x_wconf 88' lang='lat' dir='ltr'><strong>iri</strong></span> <span class='ocrx_word' id='word_1_288' title='bbox 1041 4336 1169 4400; x_wconf 84' lang='lat' dir='ltr'><strong>sperare</strong></span> <span class='ocrx_word' id='word_1_289' title='bbox 1180 4319 1281 4381; x_wconf 81' lang='lat' dir='ltr'><strong>liceat.</strong></span> <span class='ocrx_word' id='word_1_290' title='bbox 1311 4318 1417 4379; x_wconf 82' lang='lat' dir='ltr'><strong>Facile</strong></span> 
     </span>
     <span class='ocr_line' id='line_1_37' title="bbox 331 4421 1416 4508; baseline -0.006 -18"><span class='ocrx_word' id='word_1_291' title='bbox 331 4436 436 4490; x_wconf 87' lang='lat' dir='ltr'><strong>sutem</strong></span> <span class='ocrx_word' id='word_1_292' title='bbox 463 4433 609 4507; x_wconf 78' lang='lat' dir='ltr'><strong>apparet,</strong></span> <span class='ocrx_word' id='word_1_293' title='bbox 639 4424 714 4505; x_wconf 79' lang='lat' dir='ltr'><strong>quid</strong></span> <span class='ocrx_word' id='word_1_294' title='bbox 742 4424 799 4498; x_wconf 86' lang='lat' dir='ltr'><strong>sit,</strong></span> <span class='ocrx_word' id='word_1_295' title='bbox 827 4423 912 4504; x_wconf 83' lang='lat' dir='ltr'><strong>quod</strong></span> <span class='ocrx_word' id='word_1_296' title='bbox 940 4441 977 4483; x_wconf 88' lang='lat' dir='ltr'><strong>es</strong></span> <span class='ocrx_word' id='word_1_297' title='bbox 1005 4422 1127 4483; x_wconf 73' lang='lat' dir='ltr'><strong>radone</strong></span> <span class='ocrx_word' id='word_1_298' title='bbox 1152 4421 1195 4483; x_wconf 89' lang='lat' dir='ltr'><strong>sit</strong></span> <span class='ocrx_word' id='word_1_299' title='bbox 1222 4429 1416 4508; x_wconf 71' lang='lat' dir='ltr'><strong>consecutus.</strong></span> 
     </span>
     <span class='ocr_line' id='line_1_38' title="bbox 331 4524 1415 4611; baseline -0.009 -17"><span class='ocrx_word' id='word_1_300' title='bbox 331 4531 410 4594; x_wconf 75' lang='lat' dir='ltr'><strong>Nam</strong></span> <span class='ocrx_word' id='word_1_301' title='bbox 439 4550 532 4611; x_wconf 86' lang='lat' dir='ltr'><strong>quum</strong></span> <span class='ocrx_word' id='word_1_302' title='bbox 560 4529 604 4588; x_wconf 90' lang='lat' dir='ltr'><strong>ita</strong></span> <span class='ocrx_word' id='word_1_303' title='bbox 630 4526 798 4606; x_wconf 68' lang='lat' dir='ltr'><strong>Megaricis</strong></span> <span class='ocrx_word' id='word_1_304' title='bbox 825 4526 984 4587; x_wconf 89' lang='lat' dir='ltr'><strong>luculento</strong></span> <span class='ocrx_word' id='word_1_305' title='bbox 1012 4524 1198 4586; x_wconf 90' lang='lat' dir='ltr'><strong>documento</strong></span> <span class='ocrx_word' id='word_1_306' title='bbox 1232 4524 1415 4601; x_wconf 86' lang='lat' dir='ltr'><strong>ostenderit,</strong></span> 
     </span>
    </p>
   </div>
   <div class='ocr_carea' id='block_1_4' title="bbox 332 4627 1417 4790">
    <p class='ocr_par' dir='ltr' id='par_1_5' title="bbox 332 4627 1417 4790">
     <span class='ocr_line' id='line_1_39' title="bbox 332 4627 1417 4712; baseline -0.006 -16"><span class='ocrx_word' id='word_1_307' title='bbox 332 4650 367 4696; x_wconf 81' lang='lat' dir='ltr'><strong>se</strong></span> <span class='ocrx_word' id='word_1_308' title='bbox 400 4641 434 4695; x_wconf 88' lang='lat' dir='ltr'><strong>et</strong></span> <span class='ocrx_word' id='word_1_309' title='bbox 461 4633 564 4712; x_wconf 89' lang='lat' dir='ltr'><strong>ipsum</strong></span> <span class='ocrx_word' id='word_1_310' title='bbox 589 4630 666 4693; x_wconf 78' lang='lat' dir='ltr'><strong>artis</strong></span> <span class='ocrx_word' id='word_1_311' title='bbox 697 4629 877 4692; x_wconf 82' lang='lat' dir='ltr'><strong>dialecticae</strong></span> <span class='ocrx_word' id='word_1_312' title='bbox 905 4647 970 4690; x_wconf 85' lang='lat' dir='ltr'><strong>uon</strong></span> <span class='ocrx_word' id='word_1_313' title='bbox 1001 4645 1072 4690; x_wconf 86' lang='lat' dir='ltr'><strong>ease</strong></span> <span class='ocrx_word' id='word_1_314' title='bbox 1106 4627 1298 4707; x_wconf 84' lang='lat' dir='ltr'><strong>imperitum,</strong></span> <span class='ocrx_word' id='word_1_315' title='bbox 1333 4629 1417 4711; x_wconf 74' lang='lat' dir='ltr'><strong>qiud</strong></span> 
     </span>
     <span class='ocr_line' id='line_1_40' title="bbox 1168 4729 1314 4790; baseline 0.007 -1"><span class='ocrx_word' id='word_1_316' title='bbox 1168 4729 1209 4790; x_wconf 78' lang='lat'><strong>21</strong></span> <span class='ocrx_word' id='word_1_317' title='bbox 1309 4734 1314 4761; x_wconf 57' lang='lat'><strong>&#39;²</strong></span> 
     </span>
    </p>
   </div>
   <div class='ocr_carea' id='block_1_5' title="bbox 0 0 1892 5442">
    <p class='ocr_par' dir='ltr' id='par_1_6' title="bbox 0 0 1892 5442">
     <span class='ocr_line' id='line_1_41' title="bbox 0 0 1892 5442; baseline 0 0"><span class='ocrx_word' id='word_1_318' title='bbox 0 0 1892 5442; x_wconf 95' lang='lat' dir='ltr'><strong> </strong></span> 
     </span>
    </p>
   </div>
  </div>
 </body>
</html>
