3775 5442
777 652 861 710 Liber
882 661 1012 730 quartus.
1373 652 1436 712 331,

358 842 439 903 quae
458 825 607 904 expiicata
630 830 744 896 essent,
767 824 998 885 meditationem
1022 831 1054 883 et
1075 824 1362 899 considerationem.
1388 824 1438 884 iu
1545 888 1558 908 ,

359 943 421 1005 quo
441 926 579 988 imitatus
608 936 657 988 eat
684 928 783 1004 ipsam
815 933 954 987 naturam
983 933 1016 987 et
1042 946 1144 987 mores
1173 928 1331 988 homiuum
1353 928 1438 1005 inge

358 1030 531 1104 cimorum,
567 1030 620 1108 qui
649 1029 744 1092 finitis
772 1028 922 1109 gravioria
952 1031 1125 1108 argumenti
1154 1031 1349 1091 sermonibus
1378 1048 1438 1090 noar

357 1134 462 1193 soient
484 1132 586 1192 omnia
608 1132 814 1205 destiteram,
837 1149 916 1209 quae
937 1132 976 1191 ad
999 1116 1120 1212 pienum
1144 1132 1372 1212 ditucidsmque
1393 1134 1440 1194 rei

359 1235 592 1313 explicationem
629 1235 746 1314 requiri
786 1234 964 1309 rideantur,
1002 1237 1057 1297 sed
1098 1236 1267 1296 levioribus
1300 1243 1439 1315 praeter-

357 1339 478 1411 missis,
513 1338 601 1415 qrrasi
629 1336 721 1397 defixi
748 1337 905 1397 iu·rerum
928 1340 1144 1417 explicatorum
1173 1337 1321 1417 pnvtute
1341 1339 1438 1401 colio-

358 1443 432 1520 qoio
460 1446 591 1521 repente
619 1441 711 1498 tirrem
741 1441 911 1518 imponunt.
977 1441 1069 1519 Quod
1096 1458 1169 1500 vero
1200 1459 1257 1502 uec
1280 1442 1436 1514 Socrates,
1523 1468 1561 1513 η

344 1545 413 1623 oui
438 1545 526 1605 initio
553 1543 706 1604 sermonis
734 1543 904 1604 doctrinam
938 1548 977 1604 dc
1004 1543 1082 1603 ideis
1110 1543 1258 1604 adsersus
1279 1545 1438 1606 Parmani

358 1649 429 1706 dem
461 1648 543 1707 tueri
577 1646 754 1719 studuerat,
788 1647 930 1707 absoluta
958 1649 1085 1708 Eleatae
1113 1649 1293 1725 quaestione
1322 1649 1439 1727 rumpit

356 1751 534 1822 sitentium,
562 1749 619 1808 aed
647 1749 758 1810 tacitus
779 1742 943 1829 postquam
965 1749 1073 1823 affuit,
1102 1750 1178 1811 item
1200 1753 1311 1812 tacitns
1335 1753 1434 1813 disce-

357 1854 425 1925 dit,
456 1869 496 1911 ue
529 1850 589 1913 hoc
617 1852 739 1930 quidem
768 1854 920 1914 eiusmodi
949 1862 1016 1929 est,
1054 1857 1090 1913 ut
1118 1854 1193 1915 inde
1221 1854 1262 1913 de
1283 1858 1439 1915 extremae
1500 1863 1504 1870 '

357 1955 530 2034 particulae
556 1956 674 2016 iactura
706 1954 821 2034 aliquid
849 1957 999 2036 aruspicari
1025 1956 1127 2020 liceat.
1178 1959 1302 2035 Quippe
1321 1957 1438 2018 audivit

355 2059 478 2119 iuvenis
505 2059 709 2138 philosophus
736 2077 842 2120 senem
871 2058 1086 2121 Parmenidem
1115 2059 1156 2121 de
1183 2062 1245 2122 iilis
1272 2060 1349 2138 ipsis
1370 2063 1436 2142 pia-

356 2162 442 2234 οἰῶ,
466 2179 596 2239 quorum
619 2162 821 2241 patrocinium
842 2162 959 2223 iruetra
980 2163 1177 2243 suscepisset,
1200 2163 1381 2244 gravissime
1401 2172 1438 2226 a'c

358 2265 573 2327 subtittiraime
595 2265 807 2326 disserentem.
849 2267 944 2329 (iuius
967 2268 1176 2348 disputatione
1198 2287 1291 2348 quum
1314 2278 1438 2347 praeter

359 2369 604 2447 expectationem
630 2367 780 2429 eiieetum
807 2369 909 2431 videat
929 2371 973 2444 id,
1002 2372 1085 2449 quod
1107 2372 1175 2450 ipsc
1197 2374 1352 2450 explicare
1374 2392 1436 2434 nou

359 2472 528 2550 patuisset,
551 2490 669 2533 somma
688 2472 837 2533 acuminis
859 2473 1055 2533 Parmenioni
1076 2474 1280 2534 admiratione
1302 2475 1436 2537 aiiectns

358 2592 395 2634 ac
421 2576 561 2654 repictus
596 2594 653 2634 nec
687 2574 793 2635 iaudat
828 2575 995 2652 quidquam
1031 2593 1089 2634 nee
1121 2577 1340 2654 reprehendit,
1379 2579 1435 2639 aed

358 2695 534 2759 magnarum
568 2678 597 2737 vi
632 2678 852 2757 cogitationum
886 2678 973 2754 quasi
1009 2666 1168 2754 perculsus
1203 2681 1299 2740 tacito
1332 2700 1436 2742 secum

358 2788 495 2858 pectore,
519 2798 597 2857 quae
619 2799 681 2839 non
702 2782 770 2841 sinc
790 2791 919 2856 stupore
941 2780 1066 2851 audivit,
1088 2779 1150 2838 nuc
1170 2789 1203 2840 et
1225 2781 1299 2841 iiiuc
1320 2771 1438 2842 volutat

361 2890 452 2960 atque
478 2883 524 2943 sic
553 2882 687 2943 aiicctus
716 2898 774 2942 una
796 2901 864 2942 eum
887 2882 999 2943 ceteris
1022 2882 1182 2942 sodalibus
1204 2882 1365 2942 discedere
1386 2902 1437 2943 cx-

360 2987 541 3047 istimandus
564 2993 621 3046 est.
666 2988 752 3063 Quae
773 3004 866 3063 qrrrrm
887 2985 931 3047 ita
953 2986 1023 3056 sint,
1045 2993 1154 3046 nostro
1177 2985 1301 3064 quidem
1323 2987 1437 3047 iudicio

358 3089 582 3150 ussermann
604 3089 704 3150 exitus
726 3089 803 3149 nihii
824 3089 929 3164 habet,
953 3091 1035 3150 uude
1057 3091 1097 3150 de
1118 3092 1236 3151 iactura
1248 3091 1350 3169 aliqua
1365 3109 1436 3150 con·

348 3196 508 3254 *iecturam
530 3211 643 3272 capere
667 3194 766 3253 iiceat.

442 3296 590 3360 Venimus
613 3297 652 3356 ad
675 3297 806 3359 Socheri
827 3297 1021 3369 senteutiam,
1044 3297 1097 3375 qui
1120 3295 1333 3357 Parmenidem
1357 3296 1436 3355 iudi-

357 3401 437 3460 carit
462 3401 547 3462 iuxta
574 3419 644 3460 cum
671 3400 818 3479 Sophiste
845 3399 1036 3460 acPoiitico
1060 3398 1180 3457 Platoni
1208 3417 1265 3475 per
1293 3399 1434 3459 fraudem

357 3503 529 3563 subiectum
553 3522 652 3581 usque
673 3504 734 3563 hoc
757 3501 943 3580 philosopho
967 3501 1092 3579 dignum
1117 3519 1197 3561 esse.
1254 3499 1296 3557 m
1318 3500 1357 3559 de
1379 3501 1436 3561 So-

358 3605 461 3685 pirista
489 3607 611 3683 quidem
647 3627 682 3665 ac
712 3605 842 3666 Poiitico
881 3603 1043 3681 quominus
1078 3621 1157 3662 usurc
1185 3603 1339 3675 dicamus,
1369 3603 1437 3680 ipsa

357 3709 505 3788 prohibet
527 3710 715 3786 quaestionis
738 3710 778 3768 de
799 3709 837 3768 iis
860 3707 1068 3767 instituendae
1090 3707 1269 3785 magnitudo
1294 3724 1329 3764 ac
1351 3705 1436 3765 diiii-

332 3813 467 3872 'cultae
495 3811 636 3872 dicemus
658 3814 754 3893 igitur
776 3812 816 3872 de
838 3829 899 3871 uno
921 3810 1113 3884 Parmenide‚
1137 3809 1319 3891 praesertim
1343 3827 1436 3886 quum

357 3913 451 3975 huius
480 3914 563 3975 anius
592 3934 652 3978 noo
678 3916 722 3977 ita
754 3914 914 3977 coniuncta
947 3914 988 3975 sit
1022 3934 1090 3974 cum
1124 3914 1251 3975 iliorum
1284 3913 1435 3973 librorum
1534 3986 1541 3998 ἱ

358 4016 557 4090 auctoritate,
591 4010 718 4078 ut'eius
744 4038 851 4081 cauam
878 4036 939 4078 non
970 4024 1064 4097 queat
1092 4036 1231 4079 seorsum
1260 4018 1436 4098 disceptari.

358 4121 685 4201 circumspicientibus
699 4127 800 4183 autem
818 4120 965 4197 nobia‚et
986 4121 1228 4200 anquirentibus,
1252 4123 1435 4201 qrribusnam

359 4206 555 4304 potissimum
577 4227 747 4287 rationibus
772 4225 927 4288 Socherua
948 4224 1140 4286 Parmenidia
1161 4225 1254 4285 fldem
1277 4231 1310 4285 et
1331 4231 1436 4284 arrote-

358 4329 485 4391 ritrtem
507 4329 538 4389 in
559 4334 679 4391 tantum
702 4330 868 4392 discrimen
890 4328 1078 4402 adduxisset,
1101 4334 1136 4389 ut
1158 4329 1218 4408 ipsi
1231 4329 1271 4388 de
1284 4346 1322 4387 eo
1336 4332 1436 4389 actum

360 4433 538 4506 videretur,
567 4452 733 4514 sanequam
754 4434 864 4495 mirum
888 4433 1015 4505 accidit,
1039 4433 1119 4511 quod
1142 4431 1324 4492 senteutiam
1345 4431 1435 4492 istem

361 4557 465 4610 eoam,
495 4555 560 4597 uon
589 4537 656 4598 siue
690 4537 818 4617 quadam
850 4535 1035 4596 confidentia
1061 4537 1266 4615 propositam,
1306 4536 1353 4596 vix
1375 4554 1436 4597 uno

361 4643 501 4702 alterove
523 4648 704 4720 argumento
725 4640 857 4702 vidimus
871 4638 1127 4729 esaestshiiitam.
1152 4639 1436 4721 Undeuuearqmm
