3775 5442
482 654 524 718 52
813 652 899 713 biber
920 655 1040 729 primur.
1084 651 1183 711 Sentio
1206 650 1242 712 ll.

483 826 574 900 velit,
598 824 626 885 ei
648 824 751 885 divina
772 822 903 904 quadem
926 843 1006 904 opus
1027 845 1097 887 ease
1119 824 1234 905 ingenii
1254 821 1460 904 perspicaciae
1495 840 1565 881 nam

482 929 575 989 buius
596 934 715 989 tautum
737 945 798 1006 ope
819 946 857 989 eo
887 933 1070 1008 perventum
1092 926 1148 1000 iri,
1183 934 1219 988 ut
1248 928 1317 1006 quis
1345 933 1377 987 et
1403 925 1472 1005 ipse
1498 943 1566 983 rem

481 1030 636 1108 intelligat
657 1037 862 1109 accurateque
881 1031 1069 1112 perspiciat,
1098 1036 1131 1090 et
1151 1030 1221 1091 aliis
1241 1031 1372 1091 eandem
1395 1029 1508 1107 probet
1530 1046 1568 1085 ao

481 1132 686 1215 persuadeat,
708 1135 838 1195 sublatis
861 1135 1003 1196 omnibus
1026 1134 1189 1197 dubitandi
1217 1135 1333 1195 caussis
1361 1137 1454 1210 atque
1476 1148 1568 1208 argu-

482 1235 604 1300 mentis.
649 1234 752 1296 Nibilo
774 1237 875 1299 minus
896 1257 970 1299 vero
992 1238 1076 1299 idem
1097 1237 1151 1299 ille
1174 1236 1297 1297 Socrati
1324 1236 1406 1297 ultro
1425 1233 1568 1311 largitur,

482 1340 614 1404 aublatia
644 1358 748 1400 rerum
775 1339 856 1401 ideis
883 1339 1107 1420 acgeneribus
1137 1339 1229 1401 etiam
1259 1358 1383 1399 omnem
1411 1337 1567 1398 sublatum

482 1443 523 1513 iri
545 1442 719 1505 disserendi
740 1449 838 1503 artem
851 1450 945 1521 atque
956 1442 1124 1517 rationem,
1147 1443 1283 1520 ideoque
1300 1440 1479 1521 philosophi
1497 1458 1569 1499 esse

483 1546 628 1610 subtilius
657 1546 840 1624 anquirere,
878 1545 1035 1624 quomodo
1065 1545 1205 1607 idearum
1232 1545 1373 1605 domnina
1401 1542 1568 1603 srrstnrtari

482 1652 592 1733 possit.
635 1649 704 1709 lloc
725 1655 828 1709 autem
850 1651 894 1711 ait
915 1650 959 1709 ita
981 1655 1099 1710 tautarm
1120 1649 1294 1727 perlectum
1316 1648 1373 1722 iri,
1395 1647 1487 1710 alara
1502 1645 1567 1705 alia-

483 1752 592 1815 lectica
613 1758 703 1813 caute
724 1750 958 1830 prudenterque
981 1753 1020 1813 ad
1043 1771 1110 1812 eam
1133 1751 1293 1813 doctrinae
1313 1757 1434 1832 partem
1455 1747 1567 1813 sedulo

483 1852 752 1938 pervestigandam
775 1854 970 1915 adhibeatur.

567 1961 653 2021 llaec
686 1956 782 2035 igitur
808 1954 1009 2017 Parmenides
1036 1956 1076 2017 de
1109 1957 1249 2019 idearum
1277 1950 1427 2020 doctrina.
1481 1956 1568 2033 Quae

483 2058 764 2142 contemplantibus
777 2060 867 2120 nobis
881 2065 1085 2139 accurateque
1099 2061 1364 2140 perpendentibus
1382 2062 1443 2122 duo
1461 2060 1569 2120 viden-

482 2171 536 2225 tur
557 2162 738 2243 diligentius
760 2162 866 2241 quaeri
894 2167 1058 2242 oportere,
1091 2164 1224 2242 primum
1248 2164 1391 2242 quidem,
1419 2181 1567 2241 quorarun

484 2281 592 2325 omnen
618 2263 677 2323 bae
707 2265 917 2337 dubitationes
943 2266 1120 2345 pertincant
1156 2273 1188 2328 et
1216 2286 1271 2327 cur
1297 2288 1314 2327 a
1342 2267 1472 2329 Platone
1505 2283 1567 2324 non

482 2372 603 2433 tantum
634 2373 909 2443 commemoratae,
937 2364 995 2430 stu
1016 2369 1147 2430 maximo
1176 2371 1316 2431 acumine
1338 2371 1508 2451 explicatae
1535 2376 1569 2428 et

483 2469 656 2531 illustratae
677 2470 759 2542 sint;
786 2471 916 2546 deinde,
938 2470 965 2532 sl
987 2470 1110 2547 quidem
1123 2491 1184 2533 nou
1199 2479 1319 2536 temere
1332 2473 1395 2534 sint
1407 2473 1567 2548 confictae,

484 2591 501 2632 a
524 2572 706 2651 quibusnam
740 2592 795 2633 eae
816 2580 920 2636 motae
941 2592 1012 2635 csse
1033 2576 1136 2654 parturi
1158 2576 1292 2636 debeant
1315 2583 1347 2636 et
1368 2585 1477 2638 contra
1497 2577 1568 2638 Pla-

483 2683 589 2736 touem
611 2677 642 2738 in
664 2674 800 2737 medium
821 2677 942 2739 allatae.
987 2679 1127 2739 Alterum
1151 2699 1188 2741 ex
1210 2679 1278 2759 ipso
1301 2679 1453 2740 sermonis
1475 2699 1567 2758 argu-

483 2786 588 2840 mento
611 2780 671 2841 erit
693 2782 960 2859 cognoscendum
985 2782 1119 2844 alterum
1140 2800 1201 2861 ope
1216 2782 1367 2846 historiae
1383 2782 1416 2843 in
1435 2783 1567 2845 clariore

483 2884 553 2944 luce
574 2882 762 2963 ponendum.

569 2985 742 3047 Permirum
764 2995 867 3048 autem
890 2988 991 3068 primo
1014 2993 1100 3049 certe
1123 2987 1272 3068 adspectu
1299 2990 1418 3051 accidat
1440 3008 1569 3052 necesse

483 3096 549 3165 est,
573 3090 657 3167 quod
678 3089 877 3150 Parmenides
900 3110 918 3148 a
940 3087 1070 3151 Platone
1097 3091 1141 3151 ita
1169 3091 1326 3151 disserens
1347 3093 1566 3168 introducitur,

483 3199 518 3254 ut
544 3193 637 3253 hunius
664 3191 761 3269 ipsius
789 3192 959 3253 doctrinam
995 3194 1183 3272 gravissimis
1212 3194 1454 3257 archiaconus·
1482 3196 1568 3256 labe-

483 3296 582 3355 iactct
604 3302 696 3371 atque
718 3293 850 3368 talibus,
873 3314 949 3374 qum
971 3316 1029 3357 nec
1050 3298 1187 3360 Socratis
1210 3319 1335 3361 acumen
1353 3300 1475 3360 diluere
1495 3320 1568 3380 pos·

458 3400 533 3458 'sit
577 3396 674 3457 h'cmo
698 3397 780 3457 cuim
807 3399 838 3458 in
860 3406 960 3460 semet
988 3401 1089 3481 ipsum
1118 3404 1197 3464 adeo
1225 3407 1275 3464 eat
1300 3403 1499 3477 brittamensis,
1533 3410 1569 3463 ut

484 3515 563 3577 quae
584 3500 651 3576 ipse
673 3498 851 3562 deleuderit
872 3502 983 3580 placita
1006 3524 1042 3566 ac
1069 3505 1211 3581 decreta,
1243 3526 1280 3569 ea
1308 3509 1378 3571 lusu
1400 3506 1567 3569 temerario

486 3619 522 3659 ac
543 3601 695 3678 petulanti
717 3603 816 3664 acutis
839 3605 1020 3670 ratiunculis
1049 3610 1081 3670 lu
1110 3611 1336 3673 dubitationem
1358 3612 1515 3673 adducere
1536 3616 1569 3670 et

484 3703 578 3763 ueluti
601 3722 710 3763 vexare
732 3724 767 3764 ac
786 3709 972 3786 perturbare
988 3713 1112 3791 gestiat„
1155 3713 1273 3777 Verum
1290 3715 1371 3775 enim
1383 3733 1458 3775 vero
1473 3733 1567 3793 quau-

484 3806 597 3869 tumuis
619 3806 679 3867 hoc
701 3806 742 3866 sit
765 3808 935 3886 eiusmodi,
959 3821 994 3874 ut
1014 3817 1169 3878 neminem
1192 3819 1363 3898 legentium
1385 3838 1446 3878 non
1469 3817 1570 3897 possit

485 3910 613 3971 multum
638 3909 813 3982 offendere3
840 3920 942 3974 tamen
966 3936 1022 3978 cur
1043 3920 1087 3979 ita
1105 3922 1144 3980 ab
1165 3930 1292 3983 auctore
1309 3921 1381 3981 libri
1393 3921 1568 3982 institutum

485 4012 541 4083 sit,
564 4030 601 4071 ex
624 4015 691 4092 ipsa
711 4015 809 4074 totius
832 4017 948 4098 dialogi
970 4026 1037 4080 arte
1057 4029 1150 4102 utque
1169 4031 1294 4085 externa
1308 4025 1409 4084 forma
1420 4024 1568 4099 colligere

403 4168 407 4176 .
485 4116 566 4177 licet.
612 4116 719 4193 Neque
736 4117 818 4176 cuim
835 4128 954 4181 temere
966 4123 1111 4187 Socrates
1125 4127 1290 4188 admodum
1305 4125 1423 4188 iuvenis
1439 4126 1568 4201 loquens

484 4216 707 4289 introducitur,
731 4219 835 4296 quiin
859 4223 1027 4286 dialecticis
1050 4230 1186 4290 nondum
1208 4232 1284 4292 satia
1302 4228 1487 4291 exercitatus
1510 4235 1568 4289 est.

486 4321 594 4399 (letalia
615 4318 668 4400 qui
688 4318 721 4380 ln
743 4320 879 4400 legendis
902 4325 1039 4389 l'latouia
1062 4332 1186 4411 scriptia
1208 4331 1382 4411 negligunt,
1411 4330 1434 4390 ii
1456 4331 1569 4391 miran-

486 4421 558 4481 dum
581 4440 643 4482 non
665 4428 729 4496 est,
752 4423 779 4482 si
802 4423 833 4483 iu
855 4427 962 4487 multis
984 4429 1131 4492 haereant
1153 4439 1186 4493 at
1207 4433 1329 4493 consilii
1356 4432 1466 4512 inopen
1497 4436 1568 4508 sint,

487 4541 565 4599 quae
587 4524 613 4580 ui
636 4525 704 4600 quis
719 4526 885 4606 diligentur
897 4532 1043 4594 ubscrsct
1055 4536 1091 4593 ad
1108 4535 1319 4614 exquicaudum
1333 4535 1569 4615 haudquaquam

485 4623 548 4682 sirit
571 4625 717 4688 difficilia.
764 4631 853 4708 Quod
877 4632 973 4711 igliur
995 4636 1141 4701 Socrates
1162 4636 1195 4698 in
1216 4636 1277 4699 boc
1290 4657 1434 4703 sermone
1452 4640 1568 4701 luvcuis
