3775 5442
672 685 757 746 Liber
779 692 932 751 secuntias.
976 690 1116 754 Sectioi.
1221 750 1223 755 .
1374 696 1439 760 m

326 866 415 913 noa
439 858 547 933 potus
574 856 669 923 docte
695 862 730 919 et
756 867 846 921 acute
868 861 1024 944 disputata
1055 884 1136 928 esse.
1185 862 1249 927 sm
1278 865 1362 943 quud
1388 869 1436 933 sir

325 1034 327 1039 ,
352 954 550 1021 dentiasims
577 959 778 1024 inchoaverat
805 983 894 1043 opus,
917 967 952 1028 id
973 969 1023 1029 vei
1045 965 1244 1049 propterte!
1267 967 1435 1031 difficulta-

349 1063 416 1121 tem
442 1061 492 1123 sel
520 1070 652 1143 propter
677 1063 873 1146 iniquitatem
900 1078 1077 1150 temporum
1102 1071 1255 1132 atalitus
1277 1075 1435 1150 quaestic-
1543 1130 1547 1136 .

348 1162 440 1225 nitas
461 1163 631 1228 alienorum
652 1185 670 1230 ι
691 1170 778 1231 nulio
801 1173 863 1233 aiio
885 1180 934 1235 est
956 1172 1174 1253 profligatum.-
1197 1173 1284 1234 Unus
1304 1183 1433 1240 exortus

344 1272 398 1331 ¹est
419 1265 543 1329 Steliini
563 1270 670 1347 itsius,
692 1273 798 1353 quiin
821 1275 977 1356 Operibus
999 1275 1064 1337 suis
1087 1273 1157 1338 Vol.
1180 1272 1218 1336 V.
1240 1295 1271 1356 p.
1293 1276 1431 1362 87⁰sqq.

346 1367 433 1431 iltius
454 1373 607 1437 tattonem
628 1377 818 1438 examinaret
839 1382 872 1438 et
891 1379 1081 1458 argumentis
1104 1375 1316 1442 labefactaret.
1337 1382 1431 1460 Quot

345 1474 504 1550 quomodo
535 1476 574 1537 ab
601 1496 641 1539 eo
673 1477 789 1541 facturn
812 1481 870 1555 sit,
899 1498 959 1543 noa
980 1480 1126 1559 ignorare
1154 1478 1305 1558 fatemur,
1335 1501 1430 1562 quum

343 1571 460 1636 librum
482 1577 536 1638 diu
558 1579 751 1660 multumque
778 1581 952 1661 quesitum
979 1583 1114 1644 nancisci
1141 1600 1203 1643 uon
1225 1586 1430 1663 potuerimus.
1522 1570 1528 1584 ⁸

341 1674 409 1738 &a
432 1679 582 1759 quidquid
605 1688 665 1758 est,
683 1684 771 1763 ,quael
792 1686 848 1747 ille
869 1686 1040 1767 sumpserit,
1073 1683 1192 1745 nullum
1214 1703 1251 1746 ex
1271 1685 1328 1749 illc
1349 1693 1429 1749 tem-

341 1798 423 1859 pore
444 1781 644 1846 Parmenisias
665 1785 773 1850 habuit
789 1786 1011 1869 interpretem,
1044 1804 1143 1867 usque
1170 1786 1244 1847 dum
1267 1789 1430 1869 superiore

338 1886 470 1946 noculo
499 1886 540 1948 sd
569 1886 683 1949 exitum
711 1895 860 1971 vergente
886 1891 1055 1953 Kantianae
1083 1890 1303 1972 philosophiae
1324 1891 1429 1953 studia

339 1987 502 2051 homiuum
522 1994 701 2053 nostrorum
723 1994 842 2056 anianus
863 1994 957 2056 etism
979 1994 1018 2054 ad
1032 1993 1193 2055 Platonem
1215 1994 1427 2058 adverterent

338 2088 387 2153 Ex
409 2108 472 2169 quo
494 2096 637 2173 tempore
657 2114 752 2174 quum
771 2096 914 2159 universa
936 2097 994 2157 viri
1015 2095 1096 2157 ratio
1117 2115 1154 2156 ac
1176 2095 1340 2177 disciplina
1359 2103 1426 2167 stu-

338 2191 429 2255 diose
450 2196 603 2276 explicata
632 2208 697 2275 est,
717 2207 786 2263 torn
807 2200 1008 2263 Parmenides
1030 2219 1155 2281 quoque
1177 2201 1354 2279 complures
1369 2199 1425 2262 -in-

291 2378 299 2388 .
337 2296 424 2359 veuit
450 2307 656 2364 enarratores.
721 2303 786 2366 Sed
813 2305 896 2385 quod
926 2306 1051 2384 antiqua
1079 2309 1182 2364 aetate
1209 2303 1326 2364 factum
1353 2318 1425 2364 essa

338 2400 490 2478 vidimus,
513 2410 548 2464 ut
570 2404 611 2467 ic
630 2405 705 2468 libri
727 2412 909 2488 argumento
931 2415 966 2469 et
986 2411 1048 2471 flue
1075 2407 1114 2466 ab
1135 2406 1205 2467 aliis
1227 2405 1319 2465 aliter
1340 2403 1423 2465 iudi-

336 2511 477 2581 oaretur,
500 2506 584 2569 idem
604 2509 765 2573 fatendum
786 2516 836 2573 est
857 2512 951 2573 etiam
973 2509 1090 2571 nostris
1110 2509 1250 2569 evenisse
1270 2506 1423 2587 tempori·

327 2594 407 2683 oua,
430 2609 542 2688 quibus
564 2618 648 2675 unta
670 2612 711 2676 de
733 2632 771 2677 eu
793 2615 1017 2678 sententiarum
1040 2610 1246 2690 discrepantia
1267 2618 1339 2671 nata
1360 2616 1421 2684 est,

336 2714 374 2769 ut
395 2717 624 2778 coutroversiae
646 2736 708 2779 uon
730 2718 917 2790 diminutae,
946 2716 1003 2777 sed
1030 2720 1139 2776 auctus
1160 2718 1193 2775 et
1214 2712 1421 2791 amplificatae

334 2813 508 2880 videantur.
573 2817 713 2898 Longum
743 2824 791 2882 est
818 2825 852 2880 et
880 2834 1155 2896 supervacaneum,
1187 2813 1338 2888 omnium,
1367 2813 1421 2892 qui

335 2915 552 2980 Pammtdem
579 2939 638 3000 per
664 2923 857 2984 occasionem
886 2920 1068 2998 attigerunt,
1089 2915 1203 2978 iudicia
1225 2915 1265 2976 de
1287 2935 1325 2976 eo
1347 2933 1419 2994 por-

333 3036 481 3097 ceasare,
507 3024 692 3101 praesertim
720 3026 812 3088 nullis
840 3022 1030 3105 argumentis
1059 3021 1248 3084 confirmata.
1312 3018 1420 3097 ltaque

331 3140 446 3185 eorum
457 3129 575 3186 tautum
590 3129 899 3191 commemorabimus
916 3126 1095 3198 sententias,
1118 3123 1172 3205 qui
1193 3121 1300 3183 dedita
1322 3137 1419 3201 opera

331 3227 530 3307 inegerunt,
551 3237 587 3291 ut
609 3231 720 3293 tibrum
742 3233 1007 3314 interpretationis
1030 3219 1091 3311 ope
1112 3227 1343 3289 collustrarent.
1374 3222 1418 3285 Et

329 3330 423 3412 primi
450 3332 575 3411 quidem
602 3333 653 3395 hic
679 3337 770 3397 uobis
803 3337 983 3400 nominandi
1017 3340 1091 3399 suut
1120 3327 1352 3392 Tiedemcmnsa
1382 3330 1417 3388 et

330 3431 586 3512 Teutonum,
618 3438 671 3517 qui
695 3439 788 3500 huius
818 3459 947 3504 caussae
974 3441 1070 3501 duces
1097 3442 1131 3496 et
1158 3431 1246 3512 quasi
1274 3429 1415 3512 umifert

328 3541 436 3601 rutra
464 3545 567 3601 aetate
596 3542 772 3605 extiterunt.
836 3544 892 3606 ilie
925 3544 957 3605 in
987 3537 1184 3620 Argumentis
1211 3533 1413 3615 Dialogorum

330 3640 452 3704 l'iaton.
479 3663 511 3724 p.
540 3645 603 3707 889
617 3664 684 3726 sqq.
712 3665 801 3710 suam
832 3645 873 3707 de
907 3645 966 3707 irae
992 3664 1029 3707 ra
1062 3638 1246 3706 seutentiam
1281 3639 1423 3719 aperuit„

329 3743 495 3808 Existimat
521 3755 624 3811 autem
652 3751 813 3814 Platonem
840 3751 875 3812 iu
900 3751 933 3811 in
959 3749 1021 3813 lroc
1053 3764 1197 3810 sermone
1225 3744 1344 3822 egisse,
1377 3749 1414 3803 ut

328 3847 533 3929 sequane,
563 3859 687 3916 essetne
715 3853 818 3918 Unum
846 3853 958 3930 modo,
992 3870 1073 3932 quse
1100 3849 1280 3941 Eleatarum
1313 3841 1413 3904 fuerit

328 3954 501 4030 sententia,
530 3975 569 4017 an
596 3958 693 4020 mults
719 3958 844 4021 excluso
874 3958 960 4033 Uno,
991 3957 1071 4018 sicut
1092 3962 1266 4017 atomorum
1287 3944 1412 4026 patron!

327 4059 512 4134 statuerint,
540 4061 682 4141 adeoque
708 4059 765 4125 Ιιιι
791 4060 1052 4142 philosophorum
1072 4055 1216 4127 familias,
1237 4046 1411 4131 composita

326 4159 369 4221 da
389 4178 453 4223 nno
475 4167 509 4223 et
530 4164 636 4226 multis
658 4163 883 4240 controversia,
927 4164 1052 4225 undem
1079 4155 1242 4238 aliquando
1270 4152 1355 4215 iuter
1374 4169 1411 4215 ιο

323 4264 518 4329 conciliaret.
561 4269 753 4347 Quamquam
774 4285 837 4349 quo
857 4267 952 4330 modu
968 4266 1058 4328 Plato
1080 4263 1112 4324 in
1134 4280 1171 4322 ea
1190 4277 1228 4319 re
1249 4254 1411 4319 trwtsuds

323 4373 472 4432 mtau
499 4368 559 4444 ait,
589 4371 672 4449 quod
702 4370 969 4434 amarulentum
990 4376 1049 4443 est,
1080 4367 1259 4443 neutiqutm
1281 4358 1410 4427 demoti-

322 4456 448 4535 atrarit.
475 4471 525 4533 Aa
547 4470 606 4534 hac
626 4473 685 4535 viri
704 4474 824 4555 egregii
845 4474 1000 4538 sententia
1021 4471 1082 4534 dici
1103 4488 1165 4531 non
1187 4471 1291 4546 potest
1312 4481 1409 4545 qusn-

321 4581 393 4637 sum
427 4571 608 4641 &emerit
633 4561 885 4654 Temnum,
914 4578 968 4657 qui
1004 4576 1044 4637 de
1072 4574 1133 4636 hoc
1165 4573 1247 4634 libro
1274 4569 1407 4650 System.

321 4677 635 4760 rhomphaeam.
656 4680 694 4743 T.
703 4680 777 4761 ¹¹·i·
786 4680 924 4761 mano.
937 4679 1065 4761 copiose
1079 4676 1228 4759 exposuit
1251 4673 1309 4738 ruo
1324 4672 1408 4734 sain
