3775 5442
439 653 482 715 14
771 651 858 712 liber
877 654 1004 731 primurn
1039 653 1141 714 Sentio
1164 654 1189 718 l.

437 846 480 890 aa
499 830 673 888 aeteram
694 823 819 904 quidem
841 839 947 886 rerum
969 840 1109 887 murram
1127 845 1199 891 eaaa
1217 846 1322 909 ponae
1370 829 1413 890 nt
1439 828 1521 889 euim

438 949 514 993 aero
536 947 643 990 rerum
664 928 722 990 rub
744 943 854 992 aenam
881 927 1091 991 aulaieetarnm
1117 934 1204 991 nuta
1231 937 1280 993 eat
1308 929 1469 992 iluetnatio
1489 937 1524 992 et
1609 976 1611 983 .

438 1031 661 1105 muana,
692 1029 771 1094 nillil
805 1034 840 1090 ut
869 1030 934 1092 ullo
961 1032 1114 1112 temporia
1131 1031 1278 1110 ⁴artlenlo
1304 1034 1524 1112 conquieaoere

438 1143 493 1200 aot
511 1137 573 1203 albi
592 1150 723 1217 proraua
742 1137 886 1195 oonatm
902 1133 1054 1199 videatur.
1096 1135 1226 1199 Aoeedlt
1248 1154 1393 1196 uenenum
1415 1137 1524 1199 buma-

438 1256 549 1302 norum
570 1236 751 1311 infirmita,
774 1256 834 1316 qua
855 1236 1008 1315 eflicitur,
1031 1245 1066 1303 ut
1087 1246 1121 1303 et
1140 1238 1236 1300 iidem
1256 1238 1399 1301 homiues
1422 1239 1525 1301 ‹liver-

438 1343 484 1406 aia
510 1339 707 1421 temporibua
734 1345 767 1400 et
795 1339 911 1403 diaeuai
939 1342 1084 1405 homiuea
1112 1346 1256 1422 tempore
1291 1342 1402 1404 eodem
1432 1343 1524 1405 uulua

440 1447 643 1525 dardumque
663 1443 712 1507 rel
732 1444 936 1523 pereeptiune
957 1446 1050 1507 ratila
1071 1445 1263 1524 maximeque
1280 1442 1524 1507 diveraiamoaila

439 1548 624 1612 amemur.
668 1547 751 1626 Qud
772 1524 869 1626 igitur
889 1546 1018 1624 mium,
1041 1547 1068 1608 ul
1090 1565 1147 1608 uea
1168 1548 1393 1610 elementorum
1414 1552 1525 1608 natura

439 1654 479 1715 ab
499 1652 561 1714 laia
580 1649 787 1712 iueouatautia
807 1647 952 1725 immunia
973 1651 1053 1727 uisa,
1074 1651 1209 1731 ideoque
1229 1651 1263 1712 ld
1275 1650 1443 1734 quodrere
1454 1669 1526 1713 eaae

285 1764 310 1795 .·
440 1756 504 1819 allel
531 1759 711 1835 oporteret,
743 1753 805 1814 iam
833 1770 896 1813 non
922 1755 1053 1834 ampliua
1083 1753 1117 1815 iu
1137 1754 1268 1814 materia
1288 1753 1430 1816 aenaibua
1451 1753 1526 1814 aub-

439 1860 521 1923 leota
542 1856 696 1919 contineri
716 1855 923 1917 existimatum
943 1856 1015 1918 eati
1056 1855 1165 1934 ltaque
1179 1874 1249 1917 maa
1265 1854 1526 1918 iuterllorienaea

440 1965 572 2026 mammo
592 1958 777 2032 extiterunt,
800 1957 854 2036 qui
876 1957 916 2019 (le
936 1976 1043 2018 rerum
1064 1957 1182 2020 eanaaia
1203 1964 1236 2020 et
1256 1958 1353 2019 initiia
1373 1977 1527 2037 quaereu-

439 2074 506 2140 tea,
538 2063 648 2126 relicta
673 2079 781 2121 rerum
810 2061 869 2123 mu
897 2079 1008 2122 uenena
1035 2062 1244 2122 subiectarum
1277 2061 1528 2125 consideratione

378 2202 380 2204 ·
440 2175 612 2251 apretoque
632 2182 778 2226 uenenum
799 2163 932 2237 iudicio,
966 2164 1078 2225 mentia
1106 2164 1188 2226 vinea
1209 2164 1243 2226 iu
1264 2184 1299 2225 ee
1319 2166 1416 2227 veluti
1438 2167 1527 2229 eolli-

440 2289 517 2356 gere
538 2273 725 2330 conarentur
746 2273 839 2345 atque
859 2285 965 2327 rerum
983 2284 1107 2328 murana
1121 2273 1153 2328 et
1171 2267 1305 2347 originea
1321 2275 1467 2348 repetere
1487 2272 1527 2331 ab
1597 2334 1603 2345 ,

441 2394 497 2450 eo,
518 2372 603 2454 quod
624 2390 694 2432 aum
715 2371 868 2450 perpetuo
890 2368 951 2432 albi
968 2373 1125 2429 constaret
1145 2373 1212 2431 tum
1231 2372 1527 2435 aenauumludibria

442 2483 596 2542 axemtnm
626 2480 660 2535 et
685 2473 740 2534 uui
765 2473 877 2534 mentia
904 2471 1020 2534 lludlalo
1041 2472 1183 2534 rellatum
1212 2479 1306 2536 eruet.
1349 2473 1446 2536 Primi
1467 2476 1528 2537 luae

441 2581 585 2644 iuuerunt
615 2575 822 2660 Pythagorei,
857 2575 910 2656 qul
949 2593 1149 2637 numerorum
1177 2575 1325 2641 adniuitis
1353 2578 1528 2639 rationibus

441 2700 562 2748 ramma
594 2699 702 2744 rerum
735 2698 852 2759 genera
884 2680 1071 2760 invertigare
1103 2698 1274 2758 eorumque
1308 2698 1368 2761 ape
1398 2684 1528 2745 naturae

441 2800 567 2850 ornam
589 2789 622 2845 et
641 2784 780 2846 rationea
803 2784 919 2847 uertiua
948 2786 1110 2866 explorare
1131 2789 1226 2863 atque
1247 2783 1378 2845 delinire
1398 2783 1528 2845 atudue-

441 2894 525 2950 runt
569 2886 637 2949 lioa
663 2904 739 2949 vero
768 2888 868 2949 aeoutl
890 2894 963 2950 aunt
984 2888 1037 2968 qui
1059 2888 1151 2967 vulgo
1173 2888 1367 2967 appellentur
1386 2887 1527 2951 Illeatlei.

443 2990 652 3072 quiquidem
673 2990 736 3052 eliel
757 3008 820 3052 nou
841 2990 964 3070 puteat,
987 2997 1134 3071 quantum
1156 2991 1195 3052 ab
1219 3009 1273 3065 ea,
1295 3009 1384 3070 qnam
1407 2991 1460 3052 alli
1482 2991 1529 3050 ln-

442 3096 545 3176 greaai
567 3099 672 3169 erant,
693 3094 744 3153 ala
764 3092 958 3153 deflexerint.
1000 3093 1109 3173 Neque
1130 3093 1212 3155 enim
1239 3093 1273 3155 in
1293 3092 1529 3171 oontemplauala

442 3198 502 3262 aaa
522 3214 627 3259 rerum
639 3194 851 3271 univeraitate,
873 3213 953 3273 quae
966 3195 1065 3256 oeulia
1078 3202 1127 3256 eat
1139 3195 1287 3272 subiecta,
1309 3195 1528 3270 sanationum,

442 3318 502 3363 nea
533 3301 575 3361 iu·
595 3314 795 3360 numeroram
820 3297 990 3359 haeserunt
1013 3298 1188 3361 rationibna
1218 3302 1252 3359 et
1271 3299 1528 3379 proportionibus

441 3402 607 3477 rimulis,
631 3402 688 3464 aed
709 3402 801 3464 altine
824 3401 985 3463 evolarunt
1007 3403 1124 3476 auimo,
1159 3406 1252 3481 atque
1282 3401 1395 3462 ruentia
1416 3403 1528 3464 uotllia

443 3507 576 3589 quadam
597 3504 764 3567 uulneraali
786 3504 826 3564 ale
838 3523 876 3566 eo
891 3505 975 3584 qnod
995 3525 1070 3567 vere
1091 3486 1124 3566 et
1136 3508 1411 3567 eonatantereeaet
1429 3505 1529 3566 lnior-

444 3615 525 3673 nata
546 3609 655 3689 ingena
677 3607 833 3687 quoddam
854 3608 1019 3671 lunulam
1040 3607 1123 3670 luter
1144 3626 1195 3668 rea
1217 3608 1529 3671 aenaibuaaubiaataa

444 3721 538 3794 atque
559 3711 726 3774 eaaeutlam
752 3706 877 3791 νοητήν
905 3713 972 3777 alre
992 3711 1206 3792 cogitabilem,
1234 3718 1269 3772 ut
1290 3711 1334 3773 lta
1355 3711 1474 3786 diuam,
1496 3709 1530 3771 lu

444 3816 614 3898 apientiae
637 3814 830 3896 diaulpllnam
852 3816 1101 3880 introduxerunt.
1143 3815 1186 3876 Et
1211 3814 1305 3877 luniua
1331 3814 1456 3892 quidun
1482 3812 1530 3873 ia-

444 3920 548 3984 mlllae
570 3933 664 3998 quum
684 3918 778 3982 iaalle
798 3923 943 4002 prlueepa
971 3919 1068 3981 inerit
1089 3935 1218 3998 magnae
1245 3917 1300 3980 ille
1319 3916 1530 3989 Parmeniden,

445 4024 533 4087 enine
548 4024 674 4084 nomine
689 4022 780 4085 Plato
802 4025 885 4087 hune
905 4040 1080 4087 sennonem
1102 4038 1193 4081 auum
1205 4018 1372 4100 ineeripult¹
1395 4018 1428 4079 ln
1440 4036 1531 4080 enar-

417 4174 422 4184 .
445 4128 552 4190 malla
573 4126 665 4188 luerim
687 4127 814 4190 amulae
836 4124 959 4208 plaeltia
975 4124 1068 4185 hulua
1095 4120 1532 4202 potissimum-explicabimus

384 4223 388 4235 ’
445 4231 649 4326 autentim,
683 4252 702 4296 a
727 4253 789 4316 qua
816 4227 1018 4309 Xenophania
1045 4231 1079 4286 et
1106 4225 1229 4288 Meliaai
1257 4218 1385 4287 demota
1404 4241 1468 4285 uon
1488 4224 1533 4285 ita

445 4335 577 4397 multum
606 4340 812 4400 roeaaaermlt.
858 4330 990 4394 Aeeedit
1017 4328 1102 4408 quoi
1130 4328 1171 4388 ad
1200 4326 1354 4389 Platonici
1374 4327 1528 4389 aermonia

447 4437 700 4521 intelligentiam,
730 4442 766 4500 ut
793 4432 886 4497 haina
908 4431 1039 4513 maxime
1061 4430 1121 4491 uiri
1142 4429 1316 4492 doctrinam
1336 4435 1534 4511 perapeotam

386 4597 392 4607 .
446 4540 632 4621 habeamur,
659 4539 827 4624 plurinum
843 4537 997 4610 ,luterem
1020 4539 1056 4596 ut
1083 4533 1322 4615 haudquaquam
1341 4551 1466 4609 verear,
1493 4551 1533 4595 ua
