3775 5442
556 714 562 733 Ι
658 643 744 703 biber
764 645 884 723 primus.
928 644 1029 705 Soctin
1049 645 1085 707 ΙΙ.
1370 649 1413 710 40

320 819 376 882 bie
406 817 511 879 omnis
539 823 646 878 censet
673 833 710 877 ex
738 817 979 896 cogitationibus
1001 817 1071 879 lore
1093 821 1280 898 composita,
1310 821 1411 880 sires

320 921 469 984 sensibus
492 919 652 981 subiectae
664 917 751 979 ideas
770 919 973 1000 participent,
995 920 1056 980 boc
1071 922 1117 982 sic
1137 915 1258 982 tanturm
1280 918 1411 1003 aliquam

321 1025 421 1087 babet
443 1024 521 1095 vim,
551 1021 578 1081 si
608 1021 697 1082 ideae
719 1024 911 1085 extrinsecus
933 1024 1026 1082 etiam
1048 1030 1134 1083 extra
1155 1035 1291 1086 mentem
1312 1027 1411 1087 inomi-

321 1148 399 1191 num
426 1143 501 1186 uere
530 1141 600 1184 cnse
622 1132 805 1201 sumntutnr,
840 1144 898 1189 nec
917 1131 1036 1185 tantum
1060 1146 1116 1203 pro
1138 1130 1335 1206 generalibus
1357 1150 1412 1193 no-

321 1230 464 1292 tionibus
486 1228 643 1289 babeutur
663 1228 696 1287 in
718 1228 907 1289 sola'mente
924 1228 1115 1304 informatis,
1137 1231 1167 1291 io
1183 1251 1242 1310 quse
1259 1236 1412 1296 sententis

323 1334 581 1396 Teonemanoum
609 1329 708 1390 iuuisse
736 1332 885 1393 nouimus.
936 1333 981 1393 Ac
1010 1333 1170 1412 proiecto,
1207 1354 1265 1415 ego
1287 1338 1314 1397 si
1336 1338 1411 1415 qnid

324 1438 437 1509 uidam,
470 1434 559 1495 Plato
582 1431 668 1493 ldess
690 1452 761 1494 sutas
782 1452 842 1493 non
865 1433 966 1494 solum
988 1438 1099 1497 mentis
1121 1435 1245 1498 notitias
1267 1457 1337 1501 esse
1359 1460 1412 1501 so-

325 1539 402 1611 luit,
425 1534 484 1597 sed
507 1536 601 1596 etism
622 1552 728 1595 rerum
750 1537 870 1614 speeies
888 1537 1062 1611 absolutas,
1085 1545 1240 1601 externam
1262 1541 1411 1603 babentes

324 1639 508 1700 seriutemc
546 1637 587 1700 de
615 1656 676 1716 qua
702 1656 738 1698 re
766 1638 847 1698 inira
878 1639 1033 1717 copiosius
1062 1638 1276 1719 disputabitur.
1321 1646 1412 1723 Qniod

324 1743 423 1821 igitur
445 1757 526 1802 osane
546 1740 691 1803 Socrates
719 1742 750 1801 io
777 1738 836 1799 bac
862 1742 983 1803 ratione
1006 1738 1155 1816 offendit,
1187 1744 1266 1805 adeo
1289 1755 1323 1806 nt
1345 1769 1411 1808 carn
1480 1750 1486 1764 '

325 1850 424 1904 totam
446 1841 613 1921 repudiare
634 1843 791 1916 uideatur,
814 1841 907 1904 bsnisss
930 1842 977 1903 rel
999 1862 1107 1905 caussa
1128 1846 1159 1905 ln
1179 1863 1217 1906 eo
1238 1849 1413 1925 quinci-enda

325 1956 395 2023 est,
423 1945 509 2027 quod
538 1945 736 2008 Psmoenides
763 1964 831 2006 eam
852 1946 1096 2025 participationis
1118 1966 1224 2010 renuo
1247 1969 1413 2031 corporea-

328 2070 398 2112 rum
429 2050 540 2111 statsut
560 2050 729 2124 rationem,
764 2066 801 2108 ex
831 2068 890 2128 qaus
918 2050 1139 2114 absssrdissima
1162 2070 1303 2132 quiesque
1324 2056 1412 2117 colli-

324 2173 405 2236 gere
426 2154 529 2215 ltcast

414 2255 567 2334 Quocirca
581 2254 716 2334 captiosa
730 2254 789 2314 ista
802 2257 1069 2332 argumentatione
1087 2257 1189 2319 deusto
1209 2259 1240 2320 io
1255 2266 1412 2344 angustias

325 2361 507 2441 compulsos
528 2358 648 2420 iuuenis
669 2358 813 2418 Socrates
836 2357 925 2419 aliam
948 2365 1048 2421 tentat
1070 2361 1162 2435 viam,
1192 2380 1251 2440 quus
1272 2365 1411 2430 idearum

326 2484 437 2527 cassus
464 2460 653 2524 defendatur
681 2478 716 2519 ac
737 2464 938 2519 sustentetur.
982 2459 1066 2523 Fieri
1088 2465 1169 2524 enim
1191 2485 1285 2546 posse
1306 2471 1412 2533 existi.

326 2577 402 2644 nst,
424 2575 460 2629 ut
472 2566 562 2627 ideae
573 2565 636 2626 slot
647 2562 734 2641 quassi
753 2562 937 2642 exemplario
950 2581 1054 2626 rernm
1067 2567 1132 2627 sive
1143 2571 1412 2654 παραδείγματα,

327 2673 365 2734 sd
390 2687 522 2751 quorum
544 2664 776 2730 similitudinem
799 2683 851 2738 ea,
875 2685 953 2743 qntso
974 2668 1116 2729 sensibus
1133 2672 1337 2752 percipimus,
1361 2696 1412 2738 ex·

328 2774 527 2857 presserint
554 2778 648 2849 atque
676 2765 879 2829 conformata.
930 2770 1036 2847 ltaqste
1069 2772 1190 2832 ilianum
1219 2794 1287 2863 cum
1316 2780 1411 2840 rebus

327 2877 466 2958 singolis
489 2873 730 2935 coniunctionem
753 2888 789 2928 nc
811 2871 1069 2932 necessitudinem
1092 2872 1124 2931 in
1147 2892 1185 2932 eo
1208 2876 1292 2935 cerni
1314 2886 1411 2956 putat,

336 2978 425 3059 qnod
454 2977 554 3038 omnis
577 2977 615 3039 sd
642 2991 749 3033 earauu
777 2973 1009 3033 similitudinem
1039 2980 1214 3052 comparata
1236 2976 1307 3037 sint.
1351 2981 1413 3041 Sed

329 3101 392 3145 nec
407 3082 487 3142 banc
506 3081 687 3142 senteutiam
704 3076 904 3137 Parmenides
916 3095 1044 3137 assensn
1061 3096 1118 3138 suo
1142 3079 1338 3158 comprobat,
1362 3084 1413 3160 (μή

329 3206 397 3248 eam
428 3192 578 3265 protenus
612 3180 779 3244 subtilibus
815 3181 1070 3243 conclusiunculis
1100 3187 1241 3243 evertere
1275 3191 1413 3246 conatur.

329 3289 422 3370 Quod
445 3286 650 3366 compositum
674 3289 738 3359 est,
761 3282 877 3362 inqiut,
908 3283 947 3343 ad
971 3283 1091 3347 lormae
1112 3284 1240 3347 alicuius
1261 3289 1412 3349 rationem

328 3413 364 3457 sc
386 3390 637 3463 similitudinem,
658 3386 731 3448 buic
753 3385 883 3448 vicissim
905 3389 972 3466 ipss
990 3386 1091 3447 forma
1105 3389 1213 3449 similis
1226 3390 1268 3449 sit
1283 3409 1412 3469 promtu

328 3510 459 3556 necesse
480 3497 539 3552 est.
581 3490 629 3552 Es
651 3509 712 3568 quo
734 3489 935 3569 intelligitur,
970 3498 1004 3550 et
1029 3493 1164 3570 speciem
1187 3494 1283 3570 ipsam
1307 3501 1339 3555 et
1361 3514 1412 3555 res

327 3598 369 3659 ad
392 3615 459 3657 um
484 3601 677 3673 comparatas
699 3593 756 3653 sub
778 3611 872 3652 unum
890 3592 1035 3671 idemque
1047 3611 1147 3672 genus
1167 3596 1322 3657 subiectas
1344 3618 1413 3658 esse

327 3708 488 3782 oportere.
533 3696 624 3775 Qstod
647 3696 674 3757 si
694 3714 769 3757 sere
790 3697 968 3756 conclusum
991 3702 1049 3768 est,
1071 3707 1184 3775 sponte
1203 3702 1411 3778 consequitur,

326 3814 363 3867 ut
397 3801 538 3863 infinitus
574 3805 714 3878 emergat
746 3817 892 3860 numerus
928 3799 1098 3859 formarum
1135 3808 1227 3878 atque
1254 3821 1413 3881 generum,

327 3900 584 3988 quandoquidem
606 3902 726 3980 singula
747 3919 862 3980 genera
884 3918 1008 3981 semper
1028 3902 1082 3962 alii
1102 3902 1191 3962 alicui
1213 3908 1318 3965 rstrssls
1339 3908 1412 3967 snb-

325 4008 463 4071 iicienda
491 4009 592 4065 erunt.
650 4003 697 4064 Ex
730 4004 839 4082 quibus
872 4005 1005 4083 intelligi
1040 4005 1223 4078 arbitratus,
1267 4015 1412 4085 qusaotum

326 4106 526 4173 difficultatis
548 4105 678 4180 babeat,
701 4105 819 4184 siquis
841 4105 926 4167 ideas
950 4126 1006 4185 per
1027 4128 1062 4169 se
1089 4115 1226 4170 extenues
1246 4116 1278 4170 et
1294 4129 1310 4167 a
1329 4118 1413 4170 cete-

325 4217 370 4276 ris
392 4212 490 4273 rebus
511 4208 669 4271 seiunctas
689 4216 793 4287 ponat.
837 4209 989 4287 Qtnocisca
1016 4211 1130 4270 acriter
1156 4214 1331 4284 constantin,
1363 4229 1413 4271 res

324 4318 459 4378 sensiles
493 4329 558 4375 non
593 4327 687 4389 posse
723 4329 780 4390 per
810 4310 1041 4373 similitudinem
1070 4313 1207 4375 idearum
1243 4332 1312 4375 csse
1345 4330 1414 4390 par·

324 4418 497 4501 ticipes*l.

273 4638 276 4727 Ξ
396 4641 419 4702 ·,
439 4635 470 4688 r.
490 4628 767 4684 soon-sons.
1188 4712 1207 4777 ⁴

1451 4640 1551 4816 Γ
