3775 5442
477 658 539 720 1⁸0
807 655 895 716 Liber
912 659 1034 734 primun.
1075 655 1175 716 Sentio
1196 655 1231 720 V.

474 834 713 893 conuentaueum
735 833 800 902 eat,
823 845 944 889 aummo
966 828 1022 889 illo
1040 847 1143 908 eoque
1157 829 1278 891 lutinito
1291 846 1396 890 rerum
1408 830 1560 908 priucipio

473 932 555 995 hauc
590 929 746 1010 duplicem
772 929 834 991 vlm
860 931 1032 1005 contineri,
1066 937 1101 991 nt
1128 937 1193 992 tum
1220 950 1343 1010 puram,
1378 931 1560 1009 simplicem,

474 1043 569 1115 atque
594 1032 825 1113 intelligibilem
851 1033 959 1095 linitae
987 1035 1142 1096 eaaentiae
1167 1040 1306 1095 naturam
1329 1051 1366 1094 ex
1386 1049 1425 1094 ae
1443 1035 1560 1114 gignat,

474 1149 542 1200 tum
570 1137 637 1198 eiua
665 1134 797 1196 formam
825 1143 919 1215 atque
947 1137 1113 1217 imaginem
1142 1138 1240 1200 oculis
1263 1141 1464 1216 apparentem
1486 1155 1560 1216 pro-

475 1242 578 1304 ducat.
620 1236 682 1299 Par
703 1244 878 1301 citantem
899 1241 1056 1320 exemplar
1076 1241 1163 1322 prino
1179 1257 1270 1318 quam
1286 1238 1483 1300 almnlacrum
1498 1239 1561 1299 cai-

474 1353 569 1411 atarc.
613 1343 766 1424 Quocirca
792 1343 886 1418 lllud,
921 1344 1006 1422 quod
1035 1350 1144 1405 natura
1172 1361 1229 1403 ona
1256 1347 1306 1401 cot
1331 1343 1560 1422 praestabilior,

475 1453 548 1511 anto
568 1448 672 1510 omnia
693 1451 742 1507 cat
762 1451 922 1521 exortrrm,
944 1454 1039 1525 atque
1059 1453 1127 1508 tum
1149 1445 1283 1522 denique
1307 1464 1345 1506 ea
1356 1445 1477 1506 infinito
1488 1465 1561 1526 pro-

468 1556 613 1629 creatum
639 1550 689 1625 id,
723 1551 807 1628 qnod
835 1550 874 1610 ad
903 1550 971 1610 aius
1001 1551 1175 1630 exemplum
1203 1546 1372 1610 formatum
1400 1557 1449 1612 eat
1468 1559 1562 1631 atque

475 1656 691 1736 compositum·
738 1652 788 1714 1⁴11
814 1672 876 1733 quo
897 1653 980 1716 illud
1002 1653 1099 1715 hahet
1126 1650 1377 1732 explicationem,
1404 1653 1488 1731 quod
1510 1671 1561 1714 rea

474 1761 619 1824 aenaibua
639 1758 800 1822 aubiectaa
820 1759 903 1838 apud
926 1757 1086 1818 Platonem
1109 1757 1254 1816 dicuutur
1272 1755 1314 1815 ad
1329 1754 1561 1816 similitudinem

470 1864 615 1926 idearum
645 1878 811 1942 expromo
840 1876 910 1921 eoae
938 1867 1034 1938 atque
1065 1858 1288 1922 conformatae.
1333 1859 1398 1921 Nec
1419 1859 1562 1938 proiecto

475 1968 587 2028 mirrun
609 1964 710 2025 videri
731 1963 841 2036 debet,
864 1961 948 2040 quod
966 1980 1017 2023 reo
1032 1978 1201 2041 corporeae
1214 1963 1404 2041 praestantia
1418 1969 1451 2024 ct
1462 1962 1563 2043 digni-

476 2075 541 2130 tate
552 2087 609 2130 aua
619 2064 786 2146 plurimum
804 2064 978 2126 concedere
997 2064 1143 2128 dicuntur
1156 2066 1214 2139 iio,
1238 2084 1316 2144 quac
1337 2085 1374 2126 re
1394 2085 1467 2127 vera
1480 2073 1562 2128 aunt.

475 2172 553 2234 Nam
573 2177 647 2233 aunt
668 2184 725 2231 eae
745 2166 824 2229 nihil
847 2168 906 2230 uiui
927 2170 1030 2248 imago
1052 2170 1154 2249 aliqua
1175 2171 1302 2230 illorum
1324 2174 1418 2249 atque
1439 2169 1561 2243 umbra,

475 2294 537 2356 qua
557 2292 638 2355 qnae
658 2272 793 2350 alioquin
815 2271 883 2333 uola
903 2282 1010 2333 mente
1022 2278 1123 2352 'atque
1151 2274 1340 2354 cogitatione
1366 2279 1497 2352 pocaent
1516 2275 1563 2334 in-

476 2379 595 2458 telligi,
627 2377 720 2440 etiam
741 2376 884 2438 aenailrna
913 2376 1129 2438 anbliciuutur.
1172 2378 1260 2439 llaec
1281 2375 1383 2438 omnia
1403 2376 1499 2455 igitur
1520 2377 1564 2437 ita

475 2485 652 2562 comparata
686 2485 777 2554 aunt,
815 2485 852 2540 ut
885 2479 1157 2542 rcriaaimillimum
1188 2480 1287 2542 videri
1314 2479 1443 2555 debeat,
1479 2479 1564 2559 quod

476 2603 570 2666 cupra
591 2581 739 2657 diximua,
761 2600 927 2661 corporum
950 2601 1021 2644 eoae
1042 2585 1218 2659 materiam,
1241 2585 1282 2646 ad
1304 2602 1395 2663 quam
1414 2584 1474 2644 τοῦ
1490 2574 1564 2657 ἐνὸς

475 2680 576 2760 ὄντος
597 2686 643 2746 viu
665 2693 697 2746 et
717 2691 829 2746 natura
849 2686 1013 2765 pertineat
1056 2687 1159 2766 Atque
1180 2688 1258 2750 hacc
1286 2689 1314 2751 ai
1341 2694 1428 2750 recte
1454 2689 1564 2748 atatui-

475 2808 561 2865 mua,
583 2788 676 2850 laolle
698 2789 806 2869 utiquc
827 2789 1037 2869 intelligetur,
1060 2810 1116 2852 cur
1137 2783 1177 2854 τὸ
1194 2795 1229 2855 tr
1252 2791 1388 2865 dicatur,
1412 2789 1564 2869 quiadni-

313 2946 315 2956 .
430 2958 436 2971 ,
474 2902 543 2956 tum
563 2894 625 2969 alt,
647 2892 680 2952 in
701 2892 763 2955 alio
784 2893 923 2973 quodam
943 2895 1070 2956 vernari.
1118 2892 1286 2956 Enimuero
1315 2894 1456 2956 relertur
1477 2893 1565 2955 finita

476 2994 575 3061 odola
605 2996 646 3057 ad
677 2995 726 3070 id,
761 2998 846 3076 quod
876 3005 964 3059 extra
989 2998 1089 3076 ipaanr
1110 2999 1245 3076 positum
1273 3003 1337 3072 eat,
1374 2996 1458 3075 quod
1480 2995 1565 3058 illim

476 3107 526 3162 eat
554 3101 640 3178 quani
667 3100 897 3180 receptaculum
925 3098 1097 3178 quoddam,
1140 3101 1185 3160 ita
1212 3107 1247 3161 ut
1284 3105 1316 3162 et
1344 3102 1447 3180 ipoum
1473 3118 1565 3160 uerae

477 3198 593 3272 οὐσίας
619 3217 714 3278 capax
742 3200 783 3260 ait
809 3208 904 3279 atque
931 3202 1097 3280 particepa
1141 3201 1216 3263 Nam
1246 3195 1285 3264 τὸ
1310 3193 1350 3266 ὅν
1373 3203 1446 3283 quia
1466 3202 1565 3264 habet

475 3309 618 3364 naturam
638 3301 817 3376 relationis,
849 3301 994 3383 prolecto
1016 3304 1046 3363 vi
1067 3324 1123 3365 oua
1144 3305 1184 3366 ad
1213 3305 1293 3367 illud
1315 3307 1412 3370 debet
1437 3314 1565 3369 conteu-

476 3406 570 3480 dcra,
591 3405 680 3484 quod
701 3411 788 3467 extra
808 3407 909 3486 iprum
932 3411 981 3467 cat
1003 3407 1153 3487 poaitum=
1186 3399 1228 3470 τὸ
1256 3403 1340 3472 ἄλλο
1369 3417 1472 3472 autem
1499 3411 1566 3472 rire

469 3500 518 3571 τὸ
538 3512 651 3592 ἕτερον
671 3514 839 3589 propterea
858 3510 943 3572 illiua
966 3511 1211 3577 communionem
1233 3531 1296 3575 nou
1311 3515 1469 3593 aspernari
1480 3514 1565 3575 vidc-

475 3618 543 3685 tur,
582 3612 666 3690 qnod
695 3632 733 3674 ex
760 3613 883 3675 inlinito
910 3615 966 3677 illo
989 3621 1038 3676 est
1059 3622 1261 3695 prognatum,
1290 3619 1377 3680 cuiun
1399 3617 1511 3678 melior
1533 3625 1566 3676 et

476 3715 572 3776 veluti
592 3715 724 3777 interior
744 3718 936 3779 naturalem
958 3737 1028 3780 curn
1049 3719 1137 3781 linito
1160 3720 1191 3780 in
1205 3740 1299 3783 ornum
1313 3721 1488 3782 carradata
1506 3726 1564 3782 eat

477 3819 546 3881 Niai
567 3836 641 3877 vero
663 3821 791 3900 egregia
812 3821 965 3896 fallimur,
995 3820 1201 3900 philosophus
1230 3823 1263 3884 in
1284 3824 1343 3885 hac
1365 3841 1487 3902 quoque
1508 3822 1565 3882 do-

477 3921 597 3982 ctrinae
619 3942 694 3984 auae
714 3930 804 4004 parte
825 3924 1040 4004 Pythagoreos
1058 3925 1153 3987 duces
1167 3933 1292 3987 secutur
1307 3935 1372 4002 eat,
1395 3944 1473 4004 quoa
1491 3943 1565 3985 con-

477 4029 541 4087 atat
568 4043 621 4087 rea
646 4025 750 4088 finitas
777 4026 816 4087 ab
843 4027 964 4089 infinito
994 4027 1109 4091 cinctas
1131 4036 1164 4087 et
1185 4031 1319 4091 iucluoaa
1341 4030 1503 4109 poenisue3
1531 4028 1564 4087 id

478 4128 563 4208 quud
591 4128 710 4192 diserte
736 4137 870 4194 tentatur
895 4131 1084 4193 Aristotelea
1111 4131 1204 4212 Phys.
1223 4133 1321 4194 llll.
1351 4149 1442 4210 quem
1472 4130 1566 4191 docte

477 4229 644 4294 illnatravit
664 4233 839 4296 lloecklrino
861 4235 1005 4297 Plrilolao
1027 4255 1057 4315 p.
1073 4235 1116 4295 98
1132 4254 1198 4314 sqq.
1244 4236 1434 4315 Quamquam
1456 4240 1566 4294 teuen-

473 4334 552 4395 dnm
573 4342 640 4411 cat,
668 4355 738 4398 euru
765 4338 829 4399 lroc
856 4339 949 4400 ctiam
976 4339 1046 4399 loco
1075 4339 1211 4401 decretio
1237 4339 1361 4399 illorum
1391 4357 1449 4416 pro
1478 4356 1567 4398 more

477 4455 536 4498 auo
558 4437 602 4498 ita
623 4458 712 4502 uounr
735 4459 804 4504 eoae
827 4441 943 4513 videri,
967 4448 1001 4500 nt
1023 4461 1059 4500 ca
1081 4442 1119 4501 ud
1143 4461 1229 4501 auam
1251 4442 1434 4502 sententiam
1455 4441 1564 4501 immu-

479 4540 592 4600 taverit
621 4547 653 4601 et
680 4544 719 4604 ad
749 4563 816 4604 rem
845 4549 1040 4624 praesentem
1069 4544 1241 4623 prudenter
1276 4543 1564 4606 accommodaverit.

480 4640 544 4702 Sed
564 4646 708 4710 nolumna
730 4647 846 4710 diutius
867 4646 971 4753 in‘hia
993 4646 1140 4713 rimandia
1161 4648 1415 4737 excutiendiaquc
1441 4647 1566 4711 morari.
