3775 5442
369 652 411 715 52
701 648 788 709 biber
809 651 927 726 primur.
972 648 1072 707 Sectio
1094 647 1130 709 ll.

371 823 461 896 velit,
485 821 514 881 ei
537 821 640 883 diuina
662 820 791 902 quadarn
814 839 892 900 opus
914 841 985 883 esse
1006 821 1122 901 ingenii
1143 818 1347 901 perspicacia:
1383 836 1453 876 uam

370 926 462 987 buius
484 930 604 987 tautum
626 943 687 1004 ope
708 944 745 985 eo
775 931 958 1004 perventum
980 923 1037 997 iri,
1072 930 1107 985 ut
1136 925 1204 1003 quis
1232 928 1265 983 et
1291 923 1359 1002 ipse
1386 938 1452 980 rem

369 1027 525 1106 intelligat
546 1034 750 1107 accurateque
770 1029 957 1109 perspiciat,
986 1034 1018 1087 et
1039 1028 1108 1089 allis
1130 1028 1260 1088 eandem
1283 1024 1395 1103 probet
1417 1042 1454 1081 ac

371 1130 574 1213 persuadeat,
597 1132 726 1193 sublatis
749 1132 891 1193 omuibus
913 1131 1076 1197 dubitandi
1105 1132 1221 1191 carresis
1248 1135 1342 1206 atque
1363 1145 1455 1204 argu-

371 1232 493 1296 mentis.
537 1231 641 1295 bibile
663 1234 763 1295 miuus
784 1254 857 1295 vero
879 1235 964 1296 idem
985 1235 1039 1295 ille
1062 1234 1183 1294 Socrati
1211 1234 1294 1293 ultro
1312 1230 1454 1308 largitur,

370 1338 502 1401 sublatis
531 1355 636 1397 rerum
664 1336 744 1397 ideis
771 1337 994 1418 acgeneribus
1024 1337 1117 1397 etiam
1147 1355 1270 1397 omnem
1299 1334 1454 1394 sublatum

370 1440 410 1509 lri
432 1439 608 1501 disserendi
628 1446 727 1500 artem
739 1448 833 1518 atque
843 1440 1012 1515 rationem,
1035 1441 1170 1517 ideoque
1188 1437 1367 1517 philosophi
1385 1454 1455 1495 esse

371 1544 516 1609 subtilius
546 1543 727 1621 anquirere,
766 1543 923 1623 quomodo
953 1544 1092 1604 idearum
1120 1543 1261 1602 doctrinm
1289 1538 1456 1599 srrstuuari

369 1648 480 1730 possit.
523 1646 592 1707 iioe
612 1653 716 1707 autem
739 1650 782 1709 ait
804 1647 847 1707 ita
869 1652 987 1708 tantum
1008 1646 1182 1726 perlectum
1204 1645 1261 1719 iri,
1283 1644 1312 1705 si
1326 1662 1375 1703 ars
1390 1641 1455 1701 dia-

371 1750 481 1813 lectica
502 1754 591 1811 caute
613 1749 846 1828 prudenterque
869 1752 908 1810 ad
931 1768 998 1810 eom
1022 1749 1181 1811 doetrinae
1202 1755 1322 1828 partem
1344 1744 1455 1809 sedulo

372 1850 641 1935 pervestigandam
663 1851 857 1913 adhibeatur.

456 1958 542 2020 llaec
575 1954 671 2034 igitur
697 1953 897 2015 Parmenides
925 1954 966 2014 de
997 1955 1136 2015 idearum
1165 1955 1316 2016 doctriua.
1370 1954 1456 2030 Quae

372 2058 653 2141 mntemplautibus
667 2059 756 2119 nobis
770 2063 974 2136 accurateque
987 2058 1252 2137 perpendentibus
1271 2060 1332 2120 duo
1350 2057 1457 2115 riden-

371 2170 425 2225 tur
446 2161 626 2243 (migentius
649 2161 756 2240 quaeri
783 2166 946 2241 oportere,
981 2162 1114 2239 primum
1137 2163 1279 2240 quidem,
1309 2177 1456 2238 quorsum

373 2280 480 2325 omnes
507 2261 566 2321 bae
595 2264 806 2326 dubitationes
834 2264 1009 2343 pertineant
1044 2272 1077 2325 et
1105 2286 1160 2325 eur
1186 2286 1203 2325 a
1231 2265 1360 2325 Platone
1394 2279 1456 2319 uon

371 2372 492 2431 mcum
523 2372 798 2441 commemoratae,
826 2364 883 2428 aad
904 2368 1036 2427 maximo
1065 2369 1205 2429 acumiue
1227 2368 1396 2448 explicatae
1424 2372 1457 2424 el

372 2466 544 2529 illustratae
567 2469 647 2540 aint3
676 2469 805 2544 deiude,
826 2467 854 2529 si
876 2469 999 2546 quidem
1012 2490 1072 2532 uon
1088 2478 1208 2532 temere
1221 2471 1283 2531 siut
1296 2470 1455 2543 eoulietae,

372 2590 390 2631 a
413 2572 595 2650 quibusnam
629 2591 685 2632 cae
706 2579 809 2633 motae
830 2590 900 2633 esse
922 2575 1026 2652 putari
1048 2574 1182 2634 debeant
1204 2580 1236 2633 et
1257 2582 1365 2634 contra
1386 2573 1456 2633 Pla-

373 2681 477 2735 touem
499 2676 531 2735 in
553 2672 689 2735 meallruu
711 2676 831 2738 allatae.
875 2677 1016 2738 Alterum
1040 2698 1077 2739 ex
1099 2677 1167 2757 ipso
1190 2677 1342 2737 sermonis
1364 2696 1455 2755 argar-

372 2784 477 2839 meuto
501 2778 561 2838 erit
583 2779 848 2857 cognoscendum
875 2782 1008 2842 alterum
1031 2798 1090 2860 ope
1106 2781 1256 2843 historiae
1273 2781 1305 2841 iu
1325 2780 1456 2841 clariore

372 2881 443 2942 luca
464 2881 652 2959 ponendum.

395 2992 401 3013 '¹
458 2983 631 3045 Permirrun
653 2991 757 3046 autem
780 2987 880 3065 primo
904 2993 990 3048 certe
1012 2986 1161 3066 adspectu
1189 2988 1307 3047 accidat
1330 3005 1458 3047 necesse

373 3091 439 3161 est,
463 3088 545 3164 quod
568 3087 767 3150 Parmenides
790 3107 807 3146 a
830 3086 959 3148 Platone
986 3089 1030 3147 ita
1059 3089 1215 3146 disserens
1237 3089 1457 3163 introducitur,

373 3194 408 3251 ut
434 3190 526 3249 buius
553 3189 650 3267 ipsius
679 3189 848 3249 doctrinam
885 3190 1073 3268 gravissimis
1102 3190 1344 3251 dubitatissibns
1372 3191 1458 3250 labe-

373 3292 472 3353 l'actct
494 3300 586 3369 atque
608 3291 739 3367 talibus,
763 3312 839 3371 quas
861 3312 918 3352 nce
940 3292 1077 3354 Socratis
1100 3312 1225 3354 acrrmeu
1244 3294 1364 3353 diluere
1384 3314 1457 3374 pos-

346 3398 358 3411 ‘
374 3397 423 3457 sit.
467 3395 564 3455 lt'cruo
588 3396 669 3454 cuim
697 3396 850 3455 insemel
878 3396 979 3475 ipsum
1007 3398 1086 3456 adeo
1116 3403 1164 3457 est
1190 3398 1388 3470 inhumanus,
1423 3406 1459 3458 ut

374 3515 453 3577 quae
475 3499 540 3576 ipse
563 3497 741 3559 deieuderit
762 3499 873 3577 placita
895 3519 931 3559 ac
959 3500 1100 3574 decreta,
1132 3520 1169 3561 ee
1198 3502 1267 3564 lusu
1290 3501 1456 3561 temerario

376 3620 412 3662 ac
433 3599 585 3679 petulanti
608 3600 707 3661 acautis
730 3602 910 3665 ratiunculis
939 3605 971 3664 iu
1000 3605 1226 3667 dubitationem
1249 3606 1404 3666 adducere
1426 3612 1459 3665 et

374 3704 469 3765 ueluti
491 3722 601 3763 rorare
623 3722 658 3763 ac
677 3707 861 3782 perturbare
878 3708 1002 3786 gestiat.
1046 3708 1163 3771 Verum
1180 3709 1261 3770 euim
1273 3729 1348 3769 acro
1364 3728 1457 3786 quau-

375 3807 487 3869 ttuuris
509 3806 569 3866 boc
592 3804 633 3863 sit
656 3806 826 3881 aliusmodi,
849 3816 884 3869 ut
905 3812 1059 3873 nemiuem
1082 3815 1253 3893 legentium
1276 3832 1336 3872 uon
1360 3812 1460 3890 possit

376 3910 504 3973 mulluru
529 3908 704 3979 offendere3
730 3916 832 3970 tamen
856 3932 912 3974 cur
934 3916 977 3976 ita
996 3917 1034 3976 ab
1055 3926 1182 3977 arrctore
1200 3917 1271 3976 libri
1284 3915 1458 3975 institutum

377 4013 432 4086 sit,
455 4029 492 4069 ex
515 4013 582 4090 ipsa
602 4012 700 4071 totius
723 4013 838 4094 dialogi
861 4023 927 4076 arte
948 4025 1040 4097 atque
1060 4028 1185 4081 exterus
1198 4020 1299 4080 forma
1311 4017 1458 4093 colligere

293 4168 298 4179 .
377 4116 458 4177 lieet.
504 4114 610 4192 Neque
628 4114 709 4173 enim
727 4124 845 4178 teurcre
857 4120 1001 4181 Socrates
1015 4123 1181 4184 admodum
1196 4120 1313 4182 iureuia
1329 4122 1458 4195 loqucus

377 4216 597 4288 introducitur,
622 4217 726 4293 quiin
750 4220 918 4283 dialceticis
941 4226 1076 4286 noudum
1100 4228 1174 4288 satis
1193 4224 1377 4286 exercitatus
1400 4230 1459 4285 est.

325 4354 327 4359 ·
378 4318 485 4399 (laralia
507 4317 612 4398 quiin
634 4320 771 4400 legendis
793 4324 930 4387 Platonis
954 4329 1077 4407 scriptis
1100 4328 1272 4408 negligunt,
1302 4326 1324 4385 ii
1346 4325 1460 4386 miran-

378 4419 451 4481 dum
473 4439 535 4482 uon
557 4427 620 4494 eat,
644 4422 671 4481 si
693 4422 725 4481 iu
746 4426 852 4485 maritis
875 4429 1023 4490 lraereuut
1045 4437 1077 4491 et
1099 4430 1220 4491 cousiiii
1247 4429 1357 4507 iruipes
1388 4431 1459 4505 rint,

379 4540 457 4600 quae
479 4524 596 4601 siquis
611 4526 776 4605 diligantur
789 4531 934 4592 observet
947 4534 983 4592 ad
1000 4533 1211 4612 explicandum
1225 4532 1459 4611 lrarrdquoquam

379 4625 440 4685 siut
463 4625 610 4689 difficilia.
656 4630 745 4707 lirrod
770 4631 865 4709 igliur
887 4637 1033 4699 Socrates
1054 4634 1086 4695 ln
1108 4634 1169 4696 boc
1182 4654 1326 4699 sermone
1343 4636 1459 4697 inversis
