3775 5442
666 650 751 708 inber
772 652 924 710 aeotaudnt.
967 647 1069 709 Statio
1089 650 1112 710 l.
1363 650 1431 715 U

349 839 413 883 non
440 825 591 899 mutatur,
626 826 777 901 quatenue
805 823 947 901 atriaque
975 825 1060 903 paria
1088 823 1246 884 adduntur
1277 826 1430 904 tempore,

349 924 429 986 ratio
457 924 512 987 illa
538 925 666 1000 aetatia,
702 944 762 1004 qua
789 927 826 986 ab
853 925 942 987 initio
975 924 1177 1000 differebant,
1210 925 1320 986 eadem
1356 944 1430 990 vero

350 1027 444 1088 etiam
465 1035 619 1106 mutatur,
648 1035 798 1110 qnatenus
821 1030 984 1109 proportio
1006 1030 1116 1091 aetatis
1139 1033 1280 1109 tempore
1300 1049 1432 1111 progra-

349 1130 458 1192 diente
485 1135 661 1195 neeeaaario
692 1133 736 1194 ita
758 1131 872 1206 variat,
893 1139 929 1192 ut
951 1132 1034 1210 quod
1056 1133 1095 1194 ab
1117 1131 1206 1193 initio
1228 1133 1332 1194 aenlau
1353 1137 1431 1209 arat,

349 1235 405 1296 bnt
425 1234 536 1312 iuniua,
559 1244 592 1300 et
612 1237 696 1317 qnod
717 1236 830 1307 iunius,
849 1235 965 1308 aeniua,
980 1237 1038 1306 pat
1050 1241 1152 1296 tamen
1173 1253 1308 1315 temper,
1329 1253 1432 1315 neque

349 1356 482 1417 unquam
504 1342 581 1403 aa‘t.“
622 1341 708 1400 Haeo
728 1338 826 1417 igitur
845 1342 894 1398 eat
915 1337 1071 1398 aeeundae
1090 1338 1431 1417 nappasiuaniaal’an

348 1442 475 1502 menide
503 1442 672 1522 explicatae
697 1441 932 1521 interpretatio,
962 1458 1053 1519 quam
1073 1438 1230 1503 Wieetiua
1256 1443 1431 1522 propoanit,

349 1548 443 1605 etex
464 1564 524 1624 qua
552 1544 627 1624 quid
654 1544 715 1606 eibi
736 1545 871 1605 voluerit
897 1551 1027 1621 umque
1046 1559 1083 1602 ex
1103 1541 1276 1605 illustriore
1298 1545 1432 1624 quodum

349 1648 493 1727 memplo
514 1645 711 1727 perspicitur.
733 1647 800 1708 ilua
820 1652 921 1709 reatat
937 1644 1208 1726 loaepbiSueberl·
1223 1648 1432 1725 tentemini),
1558 1717 1562 1726 ,

349 1751 393 1813 tle
416 1769 476 1829 qua
498 1749 662 1811 dicendum
684 1748 734 1813 eit.
798 1743 924 1811 la'aero
947 1766 965 1809 e
986 1749 1098 1810 oeteria
1130 1748 1273 1811 omnsstue
1293 1767 1433 1829 magnam

346 1852 432 1915 iecit
459 1871 497 1914 eo
529 1851 766 1928 dieeeeaionem,
795 1851 879 1931 quod
909 1850 995 1914 buna
1017 1850 1133 1913 librum
1160 1870 1179 1913 e
1202 1850 1333 1913 Pleione
1361 1870 1434 1933 pre-

347 1956 472 2016 ieetum
499 1971 569 2016 eme
597 1955 722 2016 omnino
755 1955 887 2035 negant
937 1951 1034 2016 cuiue
1059 1955 1232 2017 tententiae
1253 1963 1435 2035 argumenta

348 2058 384 2119 in
410 2056 548 2119 medium
575 2058 681 2119 attulit
708 2057 795 2121 haee.
837 2057 976 2118 Primum
1003 2057 1125 2118 exordii
1151 2058 1196 2119 ait
1224 2060 1434 2123 unum-ma

350 2160 575 2222 obscuritatem
602 2165 697 2239 atque
722 2161 906 2236 exilitatem,
934 2163 971 2220 ui
991 2157 1130 2222 Platouia
1157 2160 1311 2241 elegantia
1331 2168 1366 2225 et
1382 2162 1433 2226 m

350 2264 464 2325 eondla
487 2263 611 2324 omnino
633 2263 665 2326 iu
688 2283 726 2326 eo
748 2265 956 2326 desideretur.
999 2261 1119 2325 Deinde
1138 2271 1259 2344 partem
1280 2269 1434 2332 aermonia

351 2367 501 2446 priorem,
524 2386 584 2445 qua
605 2365 747 2429 doctrina
767 2368 808 2428 de
828 2367 909 2431 ideia
930 2386 949 2427 a
970 2365 1154 2428 Parmenide
1175 2369 1355 2448 gravissime
1376 2374 1433 2434 im·

351 2476 521 2550 pugnator,
551 2471 709 2533 advertant
736 2476 844 2533 oenaet
874 2469 1035 2532 doetrinae
1055 2469 1210 2546 Platonis,
1234 2472 1287 2552 qui
1308 2491 1346 2535 ea
1366 2475 1434 2556 lpaa

352 2573 548 2653 probaverit,
577 2591 656 2652 qnae
683 2571 729 2634 ibi
750 2581 893 2652 tanquam
916 2570 1011 2633 dubia
1033 2577 1065 2632 et
1086 2570 1204 2634 ineerta
1225 2574 1258 2635 in
1281 2575 1434 2659 discepta-

352 2677 472 2740 tionem
493 2682 600 2737 voeata
621 2678 693 2738 eint.
738 2677 877 2756 [tetrique
899 2674 1140 2754 diaputationem
1159 2675 1245 2736 illam
1271 2696 1290 2738 a
1309 2677 1434 2743 Parme

353 2777 429 2841 uide
448 2778 488 2840 de
500 2779 569 2842 Uno
591 2779 730 2839 habitam
752 2797 789 2838 ea
811 2778 972 2840 continere
992 2775 1155 2850 exietimat,
1178 2794 1258 2855 quae
1279 2780 1434 2856 quomodo

355 2898 427 2942 oum
454 2881 583 2962 reliquis
617 2882 796 2962 philosophi
829 2879 968 2962 placitis,
1008 2878 1040 2939 iu
1071 2876 1255 2950 Phaedone,
1293 2880 1434 2954 Philebo,

356 2982 478 3061 Politia,
491 2986 631 3059 Timaeo,
655 2985 723 3047 aliie
734 2986 833 3060 libria,
849 2981 1007 3063 explieatie
1022 2979 1179 3041 eoneilia'ri
1199 2987 1323 3059 queant,
1345 3001 1436 3045 nemo

355 3089 518 3169 quiequam
541 3090 661 3150 dixerit.
705 3090 897 3170 Quamquam
917 3087 1014 3168 igitur
1035 3083 1162 3157 tantur,
1184 3101 1255 3146 eane
1275 3086 1336 3149 boe
1358 3102 1436 3167 oput

352 3192 547 3272 praeclarum
569 3191 724 3271 quoddam
746 3187 925 3255 dieleetioae
945 3193 1188 3262 monumentum,
1210 3207 1272 3277 quo
1296 3193 1436 3272 exquira-

352 3301 417 3370 tnr,
439 3314 570 3374 quanam
592 3298 805 3360 ooniunotioae
826 3302 858 3358 et
879 3291 1107 3356 neeemitudine
1128 3292 1269 3356 nodone·
1298 3315 1436 3359 summae

353 3403 389 3459 et
409 3398 541 3459 maxime
562 3399 723 3477 generelea
742 3398 825 3461 inter·
846 3418 882 3460 ae
899 3398 1125 3466 contineantur,
1148 3400 1251 3454 tamen
1272 3399 1350 3460 illud
1372 3413 1434 3462 non
1506 3459 1515 3477 ,

354 3499 496 3577 Platoni,
526 3503 580 3563 aed
610 3501 769 3583 Megariao
797 3501 889 3563 alioui
916 3497 1104 3580 philosopho
1138 3505 1282 3577 tanquam
1317 3505 1435 3563 auctori

355 3605 558 3667 tribuentium
580 3606 756 3668 arbitratur.

420 3707 480 3782 lin,
503 3709 698 3770 lustravimus
717 3709 842 3770 tandem
863 3707 963 3768 variae
983 3704 1188 3782 interpretum
1211 3705 1252 3765 de
1272 3704 1333 3766 boe
1353 3705 1436 3768 libro

355 3811 529 3892 opinionem
566 3812 647 3890 Quid
669 3811 786 3890 igitur?
808 3829 938 3872 verusne
967 3807 1031 3880 iul,
1060 3825 1152 3886 quum
1175 3826 1268 3887 supra
1289 3806 1437 3883 dioeren,

356 3921 477 3976 uniam
498 3914 598 3976 i'uieae
618 3912 777 3975 hominum
798 3913 992 3975 eruditorum
1005 3911 1037 3972 in
1055 3930 1093 3972 eo
1108 3910 1288 3990 explicando
1309 3910 1438 3972 itunae

357 4018 477 4080 tionem
505 4021 598 4097 atque
620 4016 854 4091 diaeenaionem,
888 4022 924 4077 ut
946 4015 1084 4093 quamvis
1105 4012 1230 4094 plurimi
1252 4013 1292 4075 da
1313 4031 1352 4074 eo
1373 4011 1438 4076 din

357 4122 550 4204 putaverint,
577 4127 680 4183 tamen
704 4110 776 4186 'fere
801 4122 879 4184 aliua
914 4119 1006 4182 aliter
1040 4117 1246 4179 iudicaverit?
1288 4117 1439 4179 Nimirum

358 4227 410 4289 laia
433 4226 576 4287 omnibus
604 4226 737 4307 cognitis
765 4225 857 4286 iaeile
877 4226 968 4287 alicui
989 4225 1023 4284 iu
1045 4227 1180 4281 mentem
1200 4221 1301 4282 veniat
1321 4219 1439 4281 'Pom

357 4330 479 4392 timum
505 4328 600 4390 iilud:
643 4327 763 4391 Feriaii
787 4345 897 4410 prope,
914 4327 1020 4388 *moue
1048 4343 1117 4385 aum
1138 4340 1234 4404 quana
1253 4317 1372 4383 Mun
1389 4318 1439 4381 iu·

360 4434 488 4499 certior.
540 4433 633 4512 Quod
659 4453 732 4497 vero
759 4432 836 4493 haec
869 4416 1079 4493 controversia
1110 4425 1288 4488 etiamnum
1306 4421 1438 4489 ntimo

432 4636 544 4720 uuae
561 4651 661 4704 namn
678 4652 734 4704 ean
752 4653 794 4704 oe
811 4651 927 4720 snpra
945 4651 1067 4701 ritune
1084 4665 1111 4717 p.
1130 4643 1250 4715 aaut„

405 4950 457 5053 ,537

1494 4744 1571 4833 ,ι
