3775 5442
671 632 899 712 literarium
941 632 1048 698 Seetio
1063 634 1112 700 Vi.
1339 671 1343 676 ·
1368 640 1457 707 m.

343 823 408 867 nou
428 803 583 883 deduiait,
605 806 659 868 ubi
680 806 821 870 iooorum
842 826 1013 870 eusauum
1035 809 1131 873 uellet
1149 827 1220 873 esse
1233 811 1432 894 codonatum,

343 909 412 971 eim
439 910 488 972 rei
516 930 626 973 caussa
652 929 673 972 e
699 910 914 992 superioribus
941 914 1112 992 repetenda
1139 921 1204 990 est,
1233 915 1287 976 ubi
1317 918 1357 979 de
1369 921 1431 986 „in-

341 1014 462 1076 teriore
496 1015 527 1076 vi
565 1020 599 1076 et
635 1020 746 1077 natura
781 1014 920 1075 idearum
951 1016 1109 1096 copiosius
1145 1017 1332 1098 explicatum
1372 1030 1431 1088 est.
1461 1018 1470 1030 ’

343 1119 535 1198 Quamquam
558 1118 642 1198 quod
664 1119 770 1180 docuit
791 1119 879 1181 ideas
898 1119 932 1182 in
952 1120 1048 1181 rebus
1069 1121 1128 1181 rub
1151 1139 1260 1185 seueras
1281 1123 1432 1190 subiectis

340 1223 441 1285 veluti
470 1242 632 1303 expressas
660 1228 782 1297 extare,
810 1222 844 1283 id
865 1223 1021 1285 eiusmodi
1043 1228 1109 1300 eet,
1136 1229 1173 1286 ut
1198 1231 1285 1288 oarta
1313 1228 1432 1310 eliqua.

341 1333 452 1403 tenus,
473 1326 598 1388 ubinam
620 1325 699 1402 sint,
721 1324 906 1410 iudieayiaee
925 1326 1079 1388 rideatur.

322 1455 341 1484 ι
429 1428 493 1492 iam
521 1449 595 1492 veru
618 1435 804 1510 quaerentes
812 1471 830 1504 „
857 1448 918 1510 qua
947 1430 995 1491 via
1024 1435 1058 1488 et
1082 1427 1204 1491 ratione
1223 1431 1454 1516 philosophus.

341 1531 376 1593 iu
397 1534 615 1596 enumerandis
637 1530 914 1612 describendieque
934 1532 1104 1595 virtutium
1132 1516 1313 1600 euti'tiuito
1335 1541 1431 1603 etia·

340 1644 475 1717 propter
497 1646 657 1699 externam
677 1635 862 1706 mintionem
883 1636 1021 1716 propriis
1042 1645 1182 1700 versutus
1202 1638 1254 1714 sit,
1276 1640 1338 1708 hoe
1353 1661 1432 1723 qne·

341 1758 404 1819 qne
426 1739 499 1803 iuoo
521 1759 592 1801 eum
614 1758 733 1802 summa
754 1757 824 1800 oum
846 1739 962 1821 ingenii
984 1737 1125 1801 aoiiertia
1145 1757 1203 1802 nea
1224 1742 1293 1804 siue
1310 1744 1432 1808 ratione

340 1847 502 1904 amnium
524 1860 594 1906 esse
613 1843 816 1928 reperiemus.
859 1841 967 1904 Prim
996 1842 1078 1904 euim
1100 1842 1171 1905 loeo
1192 1845 1299 1925 posuit
1319 1844 1434 1917 identi-

341 1948 441 2007 ntem
473 1965 511 2006 ao
530 1946 757 2021 diversitatem,
792 1961 871 2024 quse
891 1946 993 2027 prims
1015 1952 1064 2008 est
1085 1947 1277 2027 reliquorum
1299 1951 1434 2019 sumbu-
1493 1931 1496 1934 ⁴

341 2051 446 2109 terum
468 2048 541 2111 inus
562 2038 658 2130 atque'
676 2067 800 2112 unm:
834 2048 973 2128 pertinet
1000 2048 1082 2110 euim
1104 2051 1217 2112 ueteris
1238 2053 1433 2134 propiunt

340 2159 483 2214 usuum
506 2152 573 2215 eius
594 2152 757 2240 internam.
800 2149 945 2214 Proxime
966 2171 1036 2214 eum
1052 2172 1089 2214 es
1108 2150 1271 2216 coniurata
1284 2157 1432 2223 estsimi-

340 2255 443 2319 litnds
464 2275 501 2319 ae
521 2256 759 2331 dissimilitudo,
781 2273 861 2336 quae
881 2261 914 2318 et
934 2255 1002 2336 ipsa
1023 2256 1181 2336 qiraiitstis
1208 2263 1273 2333 est,
1306 2259 1364 2322 sed
1390 2278 1431 2325 ex

342 2358 507 2421 identitate
526 2365 561 2422 et
582 2360 762 2422 diversitate
782 2360 948 2441 multiplici
970 2359 1065 2423 modo
1087 2364 1232 2439 tanquam
1260 2380 1299 2424 ex
1320 2383 1431 2430 caussa

342 2461 559 2543 proficiscitur.
603 2461 684 2524 'i'um
705 2481 799 2525 unum
822 2461 962 2526 ostendit
983 2467 1016 2524 et
1034 2462 1204 2526 diseretum
1221 2481 1293 2528 esse
1307 2473 1341 2529 et
1353 2487 1431 2533 ooa-

341 2567 480 2643 tiuuum‚
502 2564 609 2647 prouti
630 2563 691 2626 hoo
711 2565 762 2627 rei
782 2567 837 2628 iiio
858 2566 954 2627 modo
977 2572 1145 2647 spectetur.
1192 2567 1227 2629 iu
1249 2587 1312 2647 quo
1333 2589 1429 2650 quum
1462 2547 1465 2555 7

341 2668 418 2732 tuit
446 2667 625 2750 quantitatis
652 2668 755 2747 alique
781 2668 983 2750 siguiiiuatio,
1019 2677 1122 2731 tamen
1153 2671 1246 2731 etiam
1269 2679 1428 2737 exterum

341 2772 481 2854 operiens
502 2778 595 2853 atque
622 2772 787 2852 imaginem
814 2771 975 2834 relationis
1000 2771 1087 2832 iuuui
1108 2771 1158 2832 vix
1179 2772 1308 2836 dubium
1329 2775 1430 2839 sideri

344 2876 488 2955 cuiquam
514 2877 641 2956 poterit.
695 2873 854 2936 indicatur
879 2873 963 2934 euim
990 2891 1084 2934 uuum
1112 2878 1145 2932 et
1173 2892 1278 2936 seeum
1305 2876 1375 2957 ipso
1397 2885 1430 2941 et

347 2997 419 3053 enm
440 2978 531 3042 rebus
553 2985 640 3040 extra
661 2975 762 3056 ipsum
784 2974 895 3057 positis
916 2975 1073 3037 communi
1086 2993 1167 3036 nexu
1180 2976 1321 3056 eopuirri
1337 2984 1432 3058 atque

343 3080 407 3144 uns
428 3082 610 3156 miserare,
634 3088 667 3142 et
687 3097 759 3144 esse
781 3081 967 3153 dirmetum,
1002 3080 1073 3159 qnia
1094 3097 1152 3140 nee
1171 3079 1204 3142 in
1225 3097 1261 3142 ae
1281 3098 1340 3143 neo
1361 3100 1432 3144 eun

341 3187 412 3249 siiis
439 3187 536 3249 uliam
563 3186 677 3247 habeat
703 3202 833 3259 nexum,
865 3201 923 3263 per
950 3200 1043 3262 quem
1072 3184 1235 3246 euaiesmt.
1278 3183 1432 3249 Videmus

342 3289 519 3369 igituririe
545 3290 647 3351 denuo
671 3288 826 3368 qualitatis
849 3292 882 3348 et
909 3285 1071 3349 relationis
1099 3287 1252 3352 rationem
1281 3308 1301 3350 s
1326 3288 1431 3371 pitito-

341 3393 443 3474 sopioo
472 3413 544 3455 esse
569 3391 715 3454 hobitum.
758 3390 888 3455 Accedit
909 3391 1002 3452 tertia
1025 3389 1221 3470 quantitatis,
1248 3393 1335 3457 euius
1357 3395 1431 3458 toas

341 3497 425 3558 inest
446 3495 478 3557 iu
501 3496 687 3574 aequalitate
709 3499 742 3556 et
763 3494 1000 3574 inaequalitater
1030 3512 1090 3573 qua
1111 3494 1267 3574 pateieots
1290 3500 1322 3556 et
1343 3515 1431 3560 men·

342 3618 435 3663 surae
463 3604 496 3660 et
523 3601 644 3662 numeri
670 3600 751 3664 ratio
777 3598 916 3662 breviter
943 3598 1142 3660 declaretur-‚⁸
1177 3597 1346 3678 Neque-eo
1368 3616 1431 3662 nou

340 3704 480 3783 pertinet
515 3705 666 3784 temporis
693 3702 843 3776 varietas,
888 3721 978 3780 qinom
1006 3701 1039 3761 iu
1066 3720 1128 3763 rino
1156 3700 1260 3764 inesse
1289 3702 1432 3768 dooetur.

341 3806 420 3870 iiam
440 3812 565 3887 tempus
587 3810 636 3869 vei
659 3815 708 3870 est
728 3809 950 3889 sempiternum
965 3804 1072 3868 nasibi
1085 3822 1211 3885 semper
1222 3803 1317 3880 idem,
1339 3807 1433 3885 quale

340 3911 426 3974 eadit
452 3911 485 3972 in
512 3911 614 3972 ideam
643 3931 701 3992 per
728 3932 764 3974 se
784 3915 972 3991 snectutem,
1008 3926 1199 3989 qumquam
1213 3915 1246 3968 et
1267 3908 1368 3987 ipsum
1389 3909 1432 3971 ab

339 4014 629 4087 reiatioueortum.
646 4023 712 4077 eatr
739 4015 788 4077 nel
810 4021 860 4076 est
881 4011 979 4073 veluti
1000 4010 1102 4092 imago
1125 4015 1217 4090 atque
1239 4030 1312 4090 pars
1329 4017 1433 4072 aeter-

339 4117 467 4195 nitatis,
506 4119 590 4198 quod
618 4119 658 4180 de
685 4118 824 4181 Platonis
852 4115 1008 4180 sententia
1035 4115 1067 4175 in
1098 4133 1149 4174 res
1172 4119 1433 4193 geremus-aaa-

339 4221 449 4282 veeit..
478 4239 508 4287 n.
535 4221 616 4286 Tim.
644 4223 665 4285 Ι.
685 4241 713 4288 o.
755 4221 855 4302 Igitur
881 4226 1005 4299 tempus
1027 4223 1076 4278 est
1097 4216 1209 4278 modus
1239 4215 1363 4294 quidem
1383 4215 1432 4277 rei

338 4325 483 4387 durantis
515 4325 554 4384 ab
581 4326 649 4404 ipsu
671 4325 836 4389 distinetur
864 4345 900 4385 so
921 4320 1018 4383 veluti
1041 4327 1167 4383 externa
1190 4320 1256 4379 eius
1277 4335 1432 4394 mensura,
1460 4332 1468 4339 “

337 4428 479 4507 ideoque
500 4429 682 4507 quantitatis
703 4430 813 4511 generi
823 4428 997 4492 subiectum
1009 4425 1055 4504 *).
1098 4424 1200 4501 Atque
1217 4418 1431 4500 haeoquidem

410 4581 438 4644 *)
457 4579 496 4628 De
519 4581 645 4647 temporis
666 4586 761 4632 natura
785 4578 809 4630 si
833 4578 892 4648 quis
918 4575 1069 4628 Aristotelis
1091 4570 1247 4622 senteutiam
1273 4585 1432 4641 eoguoteere

336 4648 449 4720 eaput,
468 4647 546 4698 adeat
562 4650 586 4700 is
607 4648 743 4716 i’hyaiaor.
761 4647 810 4701 lv.
827 4664 852 4700 e.
865 4644 993 4699 iti—15.
1024 4706 1029 4713 1
