3775 5442
559 1516 805 1631 LIBER
852 1517 1242 1657 QUARTUS.

356 1763 427 1846 De
444 1763 714 1852 Parmenidis
731 1765 947 1852 Platonici
963 1765 1212 1876 integritate
1229 1780 1274 1852 et
1293 1783 1442 1857 auclo-

355 1895 490 1981 ritate
518 1898 657 2007 deque
693 1928 826 1987 nexu·
849 1900 955 1986 libri
992 1927 1090 1986 oum
1129 1902 1229 1988 aliis
1269 1902 1443 2014 scriptia
1490 2008 1495 2019 ,

791 2035 1000 2124 Platonis.
1422 2058 1426 2064 '

359 2247 469 2381 Quae
483 2308 592 2365 nostm
612 2303 808 2384 potissimum
829 2311 931 2369 setate
954 2307 1064 2393 scdulo
1085 2306 1223 2370 factitari
1244 2310 1327 2373 solat
1348 2311 1442 2375 altior

359 2406 476 2482 critica,
499 2426 559 2486 qua
580 2406 779 2470 devotorum
802 2404 990 2489 scripturum
1011 2410 1060 2470 vel
1081 2410 1263 2491 integritate
1276 2413 1442 2479 amando-

358 2509 453 2572 rltatc
473 2510 658 2590 anquiritur,
680 2530 717 2572 ea
738 2531 833 2590 quum
855 2511 1082 2574 studiosissime
1103 2533 1122 2573 a
1142 2512 1250 2575 multis
1273 2517 1444 2580 mesnileio

359 2612 413 2689 sit,
427 2613 511 2677 haud
533 2634 607 2676 sane
628 2614 804 2675 mirandum
827 2618 886 2688 cst,
908 2613 993 2695 quod
1015 2614 1108 2675 etiam
1129 2615 1163 2676 in
1183 2615 1276 2679 noim
1297 2618 1371 2681 libri
1392 2640 1443 2683 ex·

357 2716 520 2779 ιιιιίιιιιιιὶιι
541 2717 605 2778 lide
627 2723 660 2778 et
680 2717 864 2780 auctoritate
885 2723 1007 2779 ramata
1029 2723 1087 2778 cst
1149 2718 1327 2780 Extiterunt
1348 2722 1441 2798 cuim,

360 2821 505 2899 quicum
534 2821 584 2882 vel
612 2821 754 2882 mutilum
783 2837 854 2882 essa
880 2820 929 2881 rel
961 2818 1053 2880 etlam
1074 2818 1308 2897 suppositlcium
1331 2823 1445 2886 acriter

361 2925 593 2990 contenderent.
650 2923 728 2985 Nam
749 2923 928 2985 Fridericos
950 2922 1056 2985 elatius
1085 2922 1117 2983 ln
1145 2921 1226 2983 libro
1255 2922 1296 2983 de
1319 2923 1391 2987 Vita
1411 2935 1444 2989 et

360 3027 715 3108 Scriptis-Platonisp.
737 3026 812 3093 244.
834 3033 867 3088 ct
887 3023 960 3087 25⁰.
998 3045 1068 3088 cum
1096 3026 1158 3087 line
1191 3031 1365 3092 nunctum
1392 3038 1446 3094 aut

358 3132 399 3192 ab
420 3133 489 3211 ipso
517 3132 673 3212 scriptore
699 3149 761 3192 non
790 3131 966 3195 absolutum
989 3149 1061 3192 esse
1082 3128 1219 3201 ceusuit;
1252 3152 1352 3213 aqua
1373 3152 1444 3196 sen-

359 3237 457 3297 tentia
485 3254 542 3296 nec
569 3234 872 3297 Schlelermaclserus
901 3235 1032 3296 multum
1063 3233 1214 3295 recedere
1236 3236 1368 3314 videtur,
1391 3238 1445 3318 qui

361 3340 446 3419 quod
467 3339 551 3401 liunc
572 3337 729 3418 dialogum
750 3334 768 3398 a
789 3338 920 3400 Platone
940 3338 1140 3400 adolescente
1162 3338 1267 3415 paullo
1289 3346 1361 3400 ante
1386 3340 1444 3403 So·

362 3441 457 3504 cratis
479 3442 610 3516 obitum,
632 3447 686 3502 aut
706 3448 794 3502 certe
815 3459 876 3502 uon
898 3440 941 3501 ita
956 3442 1060 3501 -molto
1083 3445 1166 3518 post,
1188 3438 1364 3501 inchoatum
1387 3462 1445 3504 nec

361 3553 465 3607 nmen
486 3554 595 3624 postea
615 3545 813 3625 profligatum
836 3562 906 3606 esse
927 3545 1105 3617 arbitratur,
1127 3541 1209 3603 haud
1223 3561 1297 3604 sane
1311 3545 1445 3609 obscure

361 3649 566 3729 significavit,
593 3668 627 3711 se
654 3647 772 3728 aliquid
799 3649 838 3709 ad
867 3649 934 3708 eius
966 3647 1177 3727 integritatem
1206 3646 1445 3714 desideravisse.

361 3750 499 3832 langius
528 3752 619 3813 etiam
648 3787 690 3796 —
718 3752 821 3814 solent
849 3751 932 3813 enlm
953 3769 1135 3832 magnorum
1163 3750 1300 3812 virorum
1322 3750 1445 3828 opinio-

361 3872 418 3916 nes
450 3856 544 3917 ctiam
578 3874 656 3918 noas
689 3872 784 3935 saepe
813 3873 980 3939 procreare
1019 3855 1197 3935 opinionum
1231 3857 1377 3932 portenta
1402 3887 1445 3900 -
1555 3880 1557 3884 ⁴

363 3959 488 4039 longius
508 3960 605 4040 igitur
623 3969 811 4037 *progressus
833 3962 882 4019 cst
908 3957 1064 4020 Sochcrus
1087 3957 1134 4018 lle
1156 3954 1294 4017 Platonis
1317 3952 1440 4037 Scriptl

363 4081 395 4142 p.
415 4063 480 4124 278
492 4081 559 4143 sqq.
590 4063 726 4142 quinon
749 4060 844 4123 modo
866 4059 1060 4136 Parmenidi,
1088 4059 1145 4121 sed
1167 4059 1260 4119 ctiam
1282 4059 1447 4139 Sophistac

363 4184 401 4227 ac
426 4164 561 4228 Politice
593 4154 750 4244 tamquam
781 4161 906 4243 scriptis
943 4163 1037 4243 plana
1069 4161 1278 4240 supposititiis
1306 4160 1446 4251 Platonis

363 4286 479 4330 nomen
500 4267 727 4329 detrahendum
748 4284 819 4329 esse
840 4267 969 4328 cenauit.
1026 4265 1095 4343 Quo
1117 4263 1233 4325 cc‘rtlus
1255 4262 1352 4342 igitur
1373 4281 1446 4325 con-

363 4377 445 4447 stet,
474 4371 548 4451 quid
577 4371 618 4432 de
643 4370 735 4432 huius
765 4369 871 4449 operis
900 4368 1080 4450 integritate
1109 4373 1141 4428 et
1162 4365 1347 4428 auctoritate
1367 4364 1448 4429 ludl-

364 4475 497 4536 candum
525 4475 583 4554 alt,
614 4475 776 4554 utriusque
802 4473 861 4534 viri
882 4473 967 4535 docti
989 4471 1174 4535 sententiam
1197 4471 1328 4531 exomlui
1348 4470 1446 4534 subil-

365 4596 439 4640 cere
460 4576 586 4658 placuit,
615 4596 675 4657 qus
703 4578 886 4657 quaestione
912 4571 1132 4658 praetermissa
1154 4572 1447 4654 utiquevarendum
