3775 5442
459 655 502 719 511
787 649 875 711 Liber
895 654 1015 730 primur.
1058 650 1169 711 Settio,
1181 648 1218 716 11,

551 826 659 902 Neque
674 824 746 885 bule
759 824 887 886 Eleatae
901 824 1074 887 oenteutlae
1089 825 1234 885 Socraten
1246 822 1425 881 reluctatur.
1459 817 1550 896 Quml

467 946 541 990 eane
571 929 681 987 mlrum
710 927 829 989 accidet
856 929 912 1003 iia,
951 930 1004 1007 qui
1030 927 1193 988 Platonem
1227 926 1328 1004 ipaum
1355 923 1550 983 mem²nerint

468 1033 553 1093 laleaa
575 1049 646 1091 auae
667 1048 726 1109 pro
748 1032 886 1094 aetemie
906 1050 1010 1093 remam
1033 1030 1204 1091 aimulacria
1226 1028 1387 1099 babuisse,
1419 1044 1550 1103 quorum

468 1134 702 1216 participatione
729 1152 780 1196 rea
809 1152 918 1196 omnea
947 1139 1113 1213 generatae
1143 1133 1204 1191 vim
1231 1137 1265 1190 et
1295 1136 1434 1189 naturam
1466 1146 1552 1187 acram

346 1302 352 1311 ,
470 1240 671 1318 acceptarent.
718 1238 796 1299 nam
822 1246 855 1299 et
881 1236 972 1299 ideae
991 1236 1031 1296 ab
1052 1252 1091 1295 eo
1115 1240 1264 1295 vocantur
1284 1230 1553 1315 παραδείγματα,

471 1342 566 1404 voluti
587 1339 668 1401 Tim.
690 1340 785 1419 pta.
807 1342 843 1402 A.
873 1361 903 1420 p.
918 1338 970 1403 ⁸8.
993 1339 1030 1401 A.
1051 1338 1089 1401 ι1.
1122 1344 1155 1397 et
1181 1356 1232 1397 rea
1262 1336 1301 1395 atl
1323 1352 1428 1395 earum
1451 1352 1554 1393 erem-

471 1446 556 1527 plum
584 1449 779 1523 comparatae
812 1434 1023 1522 ὁμοιώματα,
1060 1436 1324 1525 ἀιμιμοιώμιιια,
1367 1431 1553 1518 μιμήματα,

473 1538 741 1637 ἀφομοιοῦμεια,
774 1547 833 1620 al.,
872 1543 963 1604 alconti
996 1543 1032 1603 tit
1059 1542 1139 1604 'lion
1174 1560 1204 1620 p.
1225 1540 1277 1601 oo.
1306 1542 1342 1605 1).
1384 1561 1411 1619 p.
1436 1540 1487 1599 51.
1517 1541 1553 1598 Α.

473 1672 504 1733 p.
522 1649 576 1712 75.
598 1651 638 1710 al.
687 1650 734 1711 All
764 1649 847 1728 quod
876 1644 1055 1726 pbilosopbl
1088 1645 1244 1704 decretum
1282 1644 1447 1704 referenda
1482 1651 1554 1703 aunt

475 1756 567 1816 etiam
594 1753 690 1813 verba
715 1751 894 1813 Aristotelia
921 1748 1060 1827 Metapla.
1082 1747 1103 1808 1.
1126 1747 1157 1808 Ἰ.
1179 1747 1249 1808 coll.
1272 1747 1336 1808 ΧΙΙ.
1359 1766 1389 1828 p.
1408 1749 1481 1809 2110.
1503 1746 1553 1807 eal.

474 1857 589 1920 oraro.
618 1848 657 1917 τὸ
687 1853 721 1915 δὲ
749 1853 854 1934 λέγειν
882 1850 1140 1932 παραδείγματα
1170 1843 1255 1912 αὐτὰ
1285 1844 1344 1932 (ιά
1365 1847 1449 1934 εἴδη)
1471 1844 1554 1913 εἶναι

477 1960 533 2022 καὶ
554 1961 700 2040 μετέχειν
723 1951 833 2018 αὐτῶν
855 1943 963 2015 τᾶλλα
986 1952 1170 2034 κενολογεῖν
1192 1954 1259 2016 lori
1282 1954 1337 2015 καὶ
1360 1944 1555 2038 ,ιιεταᾳοριὶς

476 2062 582 2143 λέγειν
610 2054 795 2135 ποιητικάς.
846 2058 998 2137 Quocirca
1024 2056 1113 2118 Plato
1148 2057 1198 2117 bic
1224 2076 1301 2117 eane
1333 2057 1424 2118 alieni
1457 2056 1556 2115 rideri

475 2166 575 2247 possit
602 2182 688 2226 eoam
715 2162 812 2241 ipsius
840 2161 1023 2222 senteutiam
1054 2160 1230 2222 ‹leecrulsae
1251 2160 1392 2240 adeoque
1413 2159 1557 2220 adverae-

475 2270 592 2330 riorum
619 2262 777 2353 amplexus
805 2283 875 2327 eoae
901 2264 1056 2327 lualicium.
1105 2266 1146 2325 Aa
1172 2265 1251 2324 euim
1280 2283 1354 2324 vero
1381 2264 1442 2324 laon
1463 2283 1557 2342 quum

475 2390 533 2453 per
560 2390 597 2432 ae
617 2388 725 2450 parum
752 2369 794 2430 rit
819 2369 1003 2442 verisimile,
1039 2374 1103 2429 tum
1133 2368 1231 2427 multo
1253 2368 1353 2428 minua
1375 2366 1559 2446 probabitur

476 2476 530 2550 llo,
565 2474 617 2553 qui
644 2472 779 2534 universi
806 2472 877 2533 libri
904 2476 1116 2552 argumentum
1145 2473 1345 2551 cognoverint
1377 2470 1558 2531 acerlratiua.

476 2578 585 2656 Neque
606 2576 687 2641 enim
708 2573 798 2636 Plato
819 2594 900 2637 nunc
920 2595 957 2636 re
978 2593 1050 2635 vera
1071 2574 1110 2635 ab
1134 2594 1184 2648 ea,
1214 2592 1304 2655 quam
1326 2576 1358 2635 in
1380 2576 1448 2634 aliie
1471 2574 1559 2635 librla

477 2680 635 2759 exposuit,
658 2677 698 2738 tle
719 2677 798 2741 ldeia
819 2680 972 2740 cententio
993 2678 1139 2754 recessit,
1173 2678 1228 2739 ietl
1252 2697 1384 2758 quonam
1407 2677 1499 2738 moalo
1523 2696 1559 2737 ea

477 2780 678 2861 intelligenda
705 2782 761 2856 ait,
792 2782 937 2844 aubtilioa
964 2782 1046 2843 infra
1068 2784 1226 2863 exposuit,
1261 2786 1376 2844 notatio
1398 2787 1487 2840 autea
1510 2800 1559 2839 ea-

478 2884 688 2945 oillatiouibua
711 2885 759 2946 rel
782 2887 942 2947 erroribus
965 2904 1091 2962 eorunm,
1114 2886 1166 2966 qui
1189 2906 1256 2947 erm
1278 2886 1403 2947 ainirtre
1426 2885 1560 2963 accepis·

478 2994 549 3049 aeut
575 2987 709 3066 ideoque
737 2990 917 3052 temerariae
945 2991 977 3050 in
1007 3009 1073 3051 eam
1097 2990 1301 3052 coniecissent
1322 2988 1560 3050 criminationes.

478 3091 541 3153 Sco
564 3091 723 3151 audiemur
745 3110 826 3151 nono
856 3088 953 3153 missa
970 3094 1000 3152 in
1022 3094 1179 3172 praesenti
1201 3092 1291 3153 buiua
1312 3092 1359 3151 rei
1381 3092 1560 3168 quaestione

478 3192 692 3254 Parmenidem
715 3193 789 3254 aliae
812 3196 905 3255 etiam
926 3195 968 3256 (le
988 3194 1067 3256 laleia
1089 3176 1296 3257 dubitationes
1318 3201 1502 3254 mor-entem.

565 3294 664 3373 Negat
690 3295 771 3357 enim
798 3298 932 3379 ingentia
960 3300 1007 3360 vir
1034 3301 1197 3373 acuminis,
1225 3299 1344 3379 epeciea
1365 3298 1433 3357 illas
1456 3314 1562 3355 rerum

480 3416 537 3480 per
558 3415 593 3457 ao
614 3414 753 3459 aeoranm
776 3407 974 3476 eonatantea,
996 3404 1101 3481 qualea
1123 3404 1267 3465 Socrates
1280 3400 1436 3481 paruerit,
1458 3408 1563 3460 mente

481 3500 614 3559 bumana
642 3520 736 3581 poene
763 3502 985 3584 comprehendi
1006 3510 1039 3566 et
1060 3506 1199 3585 intelligi.
1244 3506 1334 3585 Quod
1354 3505 1482 3583 quidem
1505 3502 1563 3562 bac

481 3603 748 3683 argumentatione
781 3608 924 3668 euincere
958 3615 1095 3670 conatur.
1150 3608 1184 3671 Si
1212 3609 1296 3687 quia,
1333 3609 1448 3688 inquit,
1475 3605 1562 3667 ideas

483 3705 573 3786 ponit
594 3724 735 3767 aeoraum
757 3713 878 3784 entare,
906 3712 950 3770 ita
971 3715 1006 3771 ut
1034 3731 1052 3771 a
1073 3711 1186 3774 ceteris
1207 3711 1301 3772 rebua
1323 3712 1481 3772 aeirrnctae
1501 3706 1565 3766 aiut

484 3828 521 3868 ec
548 3817 726 3888 separatae3
757 3812 785 3872 ia
812 3813 964 3874 concedat
992 3815 1083 3874 etiam
1113 3832 1239 3875 neoeaae
1261 3820 1324 3888 eat,
1355 3831 1408 3874 eae
1430 3830 1492 3873 non
1514 3810 1565 3869 luc

485 3911 568 3991 apud
589 3930 662 3988 noa,
685 3914 742 3976 aed
762 3917 835 3976 alibi
857 3917 961 3996 potina
982 3918 1121 3997 reperiri.
1166 3916 1257 3996 Quod
1270 3920 1297 3979 ei
1315 3918 1359 3978 ita
1372 3924 1431 3989 eat,
1454 3920 1566 3993 sponte

486 4017 701 4095 consequitur,
731 4023 781 4090 ut,
810 4023 965 4096 quotquot
985 4038 1090 4081 eertum
1113 4020 1152 4081 atl
1175 4038 1211 4084 ae
1231 4020 1360 4080 invicem
1384 4018 1566 4078 referuntur

487 4124 519 4178 et
539 4126 644 4180 mutua
667 4121 796 4199 quadam
820 4123 1017 4184 continentur
1037 4126 1157 4185 ratione
1185 4143 1220 4183 ac
1248 4120 1481 4189 neceaaitutine,
1509 4134 1565 4175 eae

487 4240 548 4283 non
583 4242 687 4285 rerum
720 4224 913 4285 terrestrium
944 4228 1064 4289 ratione
1097 4226 1215 4299 babila,
1249 4225 1305 4286 aed
1338 4242 1395 4304 per
1421 4242 1456 4283 ac
1482 4223 1567 4300 ipsae

444 4338 448 4349 ·
487 4327 720 4406 cognoreeodae
741 4346 777 4387 ac
796 4327 978 4391 iudicandae
999 4331 1076 4402 aint3
1103 4330 1193 4391 nicini
1207 4328 1337 4390 vicissim
1350 4346 1400 4387 ree
1419 4326 1471 4386 bic
1483 4326 1565 4405 apud

488 4444 543 4487 noa
566 4434 705 4491 extantes
727 4432 815 4490 ionice
837 4430 875 4491 ad
905 4452 940 4493 ae
967 4434 1095 4493 invicem
1117 4438 1224 4491 mutilo
1247 4430 1426 4490 referuntur
1446 4448 1504 4490 nec
1526 4430 1565 4489 ael

487 4532 605 4607 apeciee
635 4534 703 4593 illas
734 4534 904 4611 pertinent,
941 4554 959 4593 a
987 4536 1098 4614 quibus
1127 4536 1218 4615 plane
1247 4533 1415 4595 disiunctae
1438 4541 1509 4595 ιιιιιῑ
1531 4552 1567 4590 ae

360 4688 365 4701 ,
485 4639 653 4709 separatae.
710 4634 814 4697 Veluti
842 4636 868 4697 ei
900 4656 990 4716 quem
1020 4639 1159 4700 ville-mua
1181 4656 1303 4699 eertum
1332 4645 1364 4701 et
1398 4639 1566 4710 domlnnm,
