3775 5442
414 658 477 722 58⁰
666 654 835 716 Pnocm
864 650 1245 714 COMMENTARIUS

414 828 490 901 άτελῆ
512 831 565 886 τών
586 826 701 905 πρώτων
723 831 895 893 ἐνδείκνυται,
923 824 956 898 ἣν
977 826 1085 884 δίδωσιν
1106 826 1263 902 ἐνεργοῦντα
1285 826 1339 902 πρό
1363 826 1419 883 τών
1443 830 1509 888 δευ·

414 935 508 1010 τέρων·
543 930 560 1003 ἦ
583 933 612 990 δέ
633 932 742 1008 δευτέρα
763 933 872 1006 μέθεξις
897 932 1029 986 τελείωσιν
1047 928 1095 1001 τῆς
1115 925 1255 1004 ἐμφάσεως
1276 926 1321 985 διά
1343 927 1398 984 τών
1419 951 1509 1006 προς·

367 1032 471 1106 θῦγών
492 1035 714 1111 παραγινομένην.
758 1031 773 1090 6
797 1035 826 1090 δέ
853 1057 885 1108 γε
913 1029 1059 1108 Σωκράτης
1088 1036 1175 1108 τρίτος
1205 1036 1357 1106 συμπληροῖ
1384 1030 1434 1103 τὴν
1460 1031 1507 1090 διά

412 1135 521 1195 πάντων
543 1132 672 1212 άριθμών
692 1142 886 1210 πεφοιτηκυῖαν
906 1134 1019 1212 τριάδα,
1052 1135 1100 1191 καλ
1121 1134 1176 1191 ἐστι
1195 1132 1263 1190 κατὰ
1284 1131 1332 1191 τόν
1354 1138 1407 1192 ἐκεῖ
1426 1134 1505 1207 νοῦν,

412 1239 431 1312 ἢ
452 1239 527 1305 ὅπως
549 1228 597 1297 ούν
619 1235 703 1308 άλλως
724 1245 829 1307 ἐθέλοις
850 1235 1005 1313 ὀνομάζειν·
1029 1235 1071 1294 διό
1094 1237 1140 1293 καλ
1161 1235 1211 1293 τού
1230 1234 1350 1308 Ζήνωνος
1372 1233 1505 1296 ἀπολαύει

413 1341 522 1418 πρώτου
535 1341 581 1419 ¹),
610 1344 657 1400 καὶ
685 1340 846 1401 συνάπτεται
866 1341 911 1399 διά
939 1339 1037 1398 τούτου
1058 1341 1127 1417 πρὸς
1148 1338 1195 1397 τόν
1217 1341 1388 1418 Παρμενίδην
1410 1335 1501 1409 αύτόν,

415 1444 500 1522 ώςιτερ
523 1447 568 1502 καλ
590 1444 605 1502 6
629 1450 657 1502 ίν
678 1451 756 1511 θεοῖς
783 1445 846 1520 νούς
867 1432 882 1502 6
906 1449 933 1502 έν
960 1442 1061 1518 ἑκάστῳ
1089 1445 1224 1521 προςεχώς
1251 1447 1300 1518 μέν
1327 1441 1500 1521 πεπλήρωται

414 1551 493 1613 θείας
515 1547 586 1615 τινδς
608 1548 688 1620 ζωῆς,
719 1549 764 1606 διά
786 1552 815 1605 δέ
836 1545 932 1618 ταύτης
954 1548 1001 1604 καὶ
1022 1545 1091 1622 πρὸς
1110 1546 1141 1603 τό
1165 1546 1259 1618 νοητόν
1281 1540 1349 1603 αύτύ
1374 1538 1501 1613 συνενίζε-

515 1651 524 1673 ἱ
568 1650 575 1669 0
632 1651 642 1671 ³
740 1649 753 1667 (¹
814 1655 826 1687 t
900 1647 909 1667 C
956 1652 960 1668 1
1065 1647 1072 1667 Ι
1194 1647 1206 1668 ΙΙ
1315 1647 1321 1665 ἐ
1369 1647 1376 1664 1

414 1673 457 1708 ται
479 1674 525 1708 και
546 1674 594 1722 την
615 1654 715 1709 οικείαν
736 1673 858 1726 υπαρςιν.
893 1673 908 1706 ο
932 1652 962 1706 δε
983 1651 1165 1725 Πυθοδωρος,
1188 1672 1233 1705 ατε
1255 1672 1324 1705 κατα
1346 1671 1378 1705 το
1401 1653 1500 1724 ίνιφαν-

413 1752 520 1830 τορικὸν
549 1752 603 1809 τών
630 1750 786 1830 κρειττόνων
806 1755 881 1828 γένος
903 1753 1074 1826 τεταγμένος,
1102 1752 1151 1808 τού
1173 1773 1200 1808 τε
1222 1748 1341 1822 Ζήνωνος
1371 1752 1429 1808 ἐστὶ
1449 1774 1500 1826 μα-

414 1854 516 1926 θητής,
538 1857 584 1914 καλ
605 1858 704 1930 μετέχει
724 1855 777 1912 τών
799 1852 961 1931 Σωκράτους
982 1850 1173 1928 γονιμωτάτων
1194 1848 1333 1930 άποριών·
1367 1849 1423 1910 ἀπό
1446 1852 1497 1930 γάρ

358 2028 360 2033 Ι
412 1957 466 2014 τών
492 1959 579 2030 μέσων
606 1956 744 2032 δυνάμεων
772 1958 819 2012 καλ
839 1960 933 2034 τρίταν
962 1955 1106 2030 ὑφιστᾶσιν
1133 1958 1159 2017 οἳ
1186 1958 1251 2016 θεολ
1275 1956 1340 2022 τούς
1362 1951 1499 2031 άγγέλονς,

344 2074 347 2081 “
414 2053 474 2117 άλλ’
497 2056 546 2117 ofin
568 2056 623 2116 άπό
652 2061 704 2116 τών
731 2057 857 2134 πρώτων·
886 2064 984 2117 ἐκεῖναι
1012 2056 1067 2136 γάρ
1089 2059 1139 2118 εἶσι
1160 2059 1283 2134 γεννηταὶ
1304 2059 1391 2116 θεαῖν.
1434 2056 1450 2115 6
1472 2058 1499 2116 δέ

413 2184 445 2235 γε
458 2160 488 2240 ²)
508 2159 683 2240 Ἀριστοτέλης
704 2155 840 2236 άνάλογον
859 2165 908 2236 μὲν
922 2164 1045 2219 τέτακται
1061 2168 1174 2236 ψυχαῖς,
1199 2164 1230 2221 αἳ
1247 2159 1286 2220 δι’
1301 2159 1500 2234 ἐνθουσιασμόν

415 2263 542 2331 πολλάκις
570 2261 662 2331 αύτολς
689 2257 871 2339 συνάπτονται
899 2269 956 2329 τοὶς
983 2262 1153 2332 θειοτάτοις,
1191 2266 1280 2323 ἔπειτα
1318 2262 1501 2325 άπαπίιττουοι

414 2368 461 2438 της
482 2364 605 2440 τοιαύτης
625 2364 830 2444 μακαριότητος.
874 2361 952 2424 αύδέν
980 2365 1034 2444 γάρ
1056 2366 1234 2442 θαυμαστόν,
1264 2365 1311 2431 τίεν
1332 2368 1381 2426 νύν
1401 2372 1520 2433 ἐνθεα·,

415 2471 511 2537 στικειῖς
531 2471 694 2545 διακειμένην
715 2459 800 2536 αδθις
821 2471 933 2528 ἑλέσθαι
954 2472 1016 2544 βίον
1038 2462 1125 2528 άθεον
1147 2472 1194 2529 καλ
1210 2469 1359 2528 σκοτεινόν·
1381 2472 1500 2549 πληρού-

413 2595 459 2631 ται
479 2575 509 2630 δὲ
529 2567 585 2631 άπὸ
608 2575 779 2650 Παρμενίδου
800 2569 885 2646 μόνον
892 2616 900 2642 ,
930 2570 1019 2644 ἐπειδη
1043 2574 1090 2631 καλ
1110 2579 1138 2630 ἐν
1159 2580 1237 2639 θεοῖς
1265 2573 1318 2630 τών
1345 2578 1501 2651 πρωτίστων

414 2677 470 2735 ἐστὶ
490 2676 521 2734 τό
544 2676 592 2734 καλ
612 2674 721 2741 ταύταις
742 2670 781 2732 δι’
812 2672 966 2752 ὑπερβολὴν
987 2672 1123 2750 δυνάμεως
1144 2675 1247 2733 διδόναι
1266 2674 1326 2734 τινὰ
1348 2678 1398 2737 τοῦ
1420 2680 1499 2738 θείου

413 2779 505 2851 φωτός
524 2782 675 2855 μετουσίαν.
719 2775 790 2836 οὕτω
813 2778 860 2835 καὶ
881 2779 907 2835 οἱ
931 2777 1064 2853 θεολόγοι
1090 2779 1137 2851 τὴν
1158 2778 1252 2855 νοεράν
1275 2778 1345 2852 ζωὴν
1368 2784 1500 2858 Κρονείαν

413 2882 632 2960 προςειρήκαοιν,
661 2876 722 2939 ἄλλ’
745 2876 778 2939 οὗ
799 2885 891 2939 Δι’ίον·
922 2883 1008 2940 καίτοι
1030 2880 1075 2938 διά
1097 2883 1146 2940 τοῦ
1166 2879 1285 2956 μεγάλου
1308 2884 1376 2951 Διός
1396 2879 1501 2957 ἧίίνο-

412 2987 465 3050 δος.
489 2980 549 3042 ἀλλ’
570 2984 655 3059 ώςπερ
677 2981 692 3039 6
715 2982 779 3047 Ζεύς
800 2983 849 3039 τού
870 2985 968 3042 ἑαυτοῦ
989 2983 1091 3061 πατρός
1112 2983 1294 3062 πληρούμενος
1309 2988 1357 3044 καλ
1377 2987 1415 3054 εἰς
1432 2992 1502 3046 ἐκεῖ·

412 3108 458 3141 νον
480 3083 516 3147 ώς
538 3083 636 3140 ἑαυτοῦ
657 3083 753 3154 νοητόν
774 3079 940 3159 ύναγόμενος
968 3083 1061 3161 άνιίγει
1089 3087 1189 3143 καὶτὰ
1210 3084 1271 3161 μετ’
1300 3082 1399 3156 αὐτόν,
1428 3089 1501 3149 οὕτω

366 3183 447 3254 97δη
470 3183 516 3238 καὶ
538 3184 567 3239 αἱ
589 3185 675 3255 φυγαὶ
697 3183 747 3241 κάν
767 3185 833 3260 μετά
854 3188 920 3252 Διός
942 3191 1072 3247 ποιώνεαι
1092 3187 1140 3260 τήν
1161 3182 1272 3261 ἄνοδον,
1304 3187 1380 3267 (ἀλλ’
1403 3190 1419 3250 6
1441 3196 1501 3267 βίος

413 3281 503 3340 αύτών
523 3285 641 3359 ἐκεῖνος)
662 3287 709 3344 καὶ
729 3286 792 3355 τούς
812 3291 909 3365 μέσους
930 3291 977 3347 καλ
999 3292 1061 3357 τούς
1081 3295 1185 3367 τρίτους
1207 3290 1371 3366 διακόσμους
1392 3294 1502 3373 πληρώ·

392 3407 508 3452 ,σαντος
521 3386 561 3463 ³),
584 3388 630 3445 καὶ
650 3395 800 3451 τελευταῖον
821 3393 867 3449 καὶ
890 3392 979 3467 φυγάς
998 3393 1046 3460 τάς
1067 3394 1129 3469 περὶ
1150 3391 1233 3451 αύτύν
1247 3395 1279 3470 ⁴)
1301 3396 1500 3466 ἐνθουσιώσας.

414 3490 461 3544 καὶ
480 3489 516 3563 μὴ
541 3489 694 3568 θαυμάσῃς,
718 3492 787 3550 εἶτά
810 3500 877 3553 θεῖα
898 3493 1023 3568 τοιαύτην
1044 3497 1097 3566 ἔχει
1117 3495 1186 3574 πρὸς
1206 3492 1305 3569 άλληλα
1327 3497 1411 3569 τάξιν,
1433 3496 1501 3560 dud

413 3591 459 3647 καὶ
481 3588 579 3658 αύτούς
600 3591 663 3657 τούς
682 3594 864 3669 φιλοσόφους,
887 3597 910 3655 εἲ
931 3597 1038 3673 βούλει,
1061 3596 1210 3674 θεώρησον,
1232 3597 1307 3664 ὅπως
1328 3603 1376 3658 καί
1398 3603 1503 3663 τούτων

413 3691 428 3748 6
452 3690 608 3769 τελειότερος
630 3694 676 3750 καλ
697 3695 878 3773 δυνατώτερος
899 3697 955 3756 ἐστὶ
977 3701 1023 3756 καλ
1044 3698 1213 3776 πλειόνωνὸ)
1236 3697 1414 3774 εὖποιητικός.
1442 3710 1502 3766 Κέ-

412 3799 461 3869 βης
488 3801 536 3869 μέν
563 3794 618 3871 γάρ
639 3792 657 3865 ἢ
678 3801 792 3872 Σιμμίας
819 3799 915 3856 ἑαυτὸν
943 3797 1074 3877 εύεργετεῒ
1100 3802 1200 3875 μόνον,
1233 3800 1252 3874 ἢ
1272 3804 1319 3860 καὶ
1349 3799 1432 3864 άλλον
1452 3808 1501 3866 τόν

412 3893 485 3971 αύτῷ
506 3893 710 3975 παραπλήσιον·
732 3897 879 3976 Σωκράτης
899 3903 929 3957 δέ
950 3903 996 3959 καὶ
1017 3901 1121 3972 ἑαυτόν,
1143 3905 1190 3960 καὶ
1211 3902 1330 3972 τούτους,
1353 3909 1403 3964 καὶ
1423 3919 1500 3987 θρα-

412 3994 540 4070 σύμαχον.
585 4002 671 4058 καίτοι
699 3996 763 4057 ποτ’
786 3999 819 4057 ι’ίν
840 3998 855 4056 6
878 4004 969 4076 Κέβης
994 3999 1118 4077 ἠδυνήθη
1146 4005 1193 4078 την
1221 4003 1355 4065 σἰπόνοιαν
1376 4011 1427 4068 τού
1450 4035 1500 4072 σο·

339 4108 355 4133 ’·
410 4097 508 4170 φιστοῦ
529 4099 626 4160 τούτου
648 4103 693 4160 καλ
715 4101 763 4175 την
784 4099 973 4173 ἀναισχυντίαν
994 4105 1144 4166 ἰάσασθαι·
1176 4104 1236 4165 ἀλλ’
1259 4108 1277 4165 6¹
1297 4133 1329 4182 γε
1351 4112 1500 4190 Σωκράτης

410 4200 458 4255 καὶ
478 4198 600 4282 τοῦτοὸ)
630 4206 747 4280 ἐμμελεῖς
774 4204 957 4282 ἐθεράπευσε,
986 4209 1033 4266 καὶ
1055 4210 1155 4269 ἔπεισεν
1177 4208 1213 4277 ώτ
1234 4208 1251 4282 ἡ
1274 4213 1429 4288 δικαιοσύνη
1453 4221 1499 4291 τῆς

478 4445 553 4512 1)ss
574 4453 737 4521 ιιρώτον.-
771 4453 800 4519 9)
818 4455 848 4503 A.
868 4456 899 4505 B.
918 4477 946 4522 γε
965 4475 1015 4508 om.
1036 4459 1167 4527 probante
1187 4462 1312 4512 Cousiuo.
1340 4491 1376 4503 -
1411 4466 1441 4529 ὅ)
1461 4467 1494 4517 ί).

408 4532 583 4600 πληρώσαντα.
621 4539 696 4591 Unde
716 4540 858 4605 ίεηειιδυιιι
875 4542 1062 4611 ε’πίηρώσιιντο.
1083 4545 1123 4596 St.
1160 4574 1193 4584 -
1229 4545 1260 4608 ἐί)
1280 4547 1310 4596 B.
1331 4547 1427 4601 αὐτῶν,
1462 4580 1494 4590 -

407 4607 488 4671 ΒΗ).
509 4619 601 4670 πλεῖον.
638 4652 672 4664 -
706 4622 784 4688 6)(3.
806 4623 839 4673 D.
861 4626 963 4677 τοῦτον,
