3775 5442
386 621 390 631 '
461 621 524 682 182
724 650 726 652 v
800 618 887 678 iiber
908 618 1029 695 primus.
1071 615 1172 678 sectio
1193 573 1227 678 ll.

461 791 589 873 quaeris
611 791 685 871 quid
707 789 767 851 sibi
788 789 885 851 velint
906 795 961 851 aut
983 807 1131 870 quorsum
1157 789 1348 870 pertineant,
1370 785 1454 848 barud
1477 808 1550 849 cun-

463 899 586 958 ctanter
605 893 799 974 respondeo,
829 890 999 972 significari
1019 891 1069 954 bis
1089 892 1193 956 verbis
1214 892 1386 954 universam
1408 890 1550 951 idearum

464 997 525 1060 vin
547 1002 581 1059 et
602 996 690 1078 quasi
709 1014 878 1071 summam,
899 1000 955 1056 ant
975 995 1003 1057 si
1023 994 1068 1056 ita
1087 995 1202 1071 marla,
1223 994 1325 1056 ideam
1347 994 1482 1055 omnium
1506 995 1551 1054 ia-

464 1100 584 1164 tla'slme
604 1104 780 1179 patentem,
811 1116 891 1179 quse
912 1104 1032 1159 ceteras
1055 1117 1162 1160 omnes
1183 1097 1301 1158 ambitu
1328 1115 1387 1157 suo
1414 1097 1551 1175 complc-

464 1210 577 1266 etatur.
620 1203 719 1283 Quam
741 1200 866 1281 quidem
888 1218 950 1278 qou
972 1219 1043 1262 ease
1064 1200 1155 1261 aliam
1183 1200 1244 1261 nial
1269 1199 1351 1261 entia
1375 1201 1407 1260 in
1427 1200 1550 1260 unirer-

463 1325 535 1370 sum
556 1305 658 1366 animo
680 1302 855 1380 luiormati,
877 1323 930 1365 res
951 1303 1019 1385 ipsa
1040 1303 1163 1366 indicat.
1206 1301 1285 1364 Nam
1310 1301 1388 1364 baec
1408 1303 1552 1381 proiecto

368 1399 373 1409 ’
467 1407 569 1472 omnia
601 1406 727 1470 omnino
749 1424 865 1487 genera
896 1411 991 1488 atque
1024 1415 1130 1488 partes
1158 1407 1191 1468 ia
1222 1425 1258 1469 ae
1290 1405 1424 1468 ioelusas
1451 1411 1553 1485 tenet·

466 1504 581 1574 uiuere
607 1516 711 1572 autem
738 1509 907 1588 plurimum
934 1511 974 1571 ab
1002 1530 1065 1574 uno
1096 1511 1150 1573 llio
1176 1510 1209 1571 in
1236 1509 1334 1588 prima
1363 1509 1553 1589 quaestionis

466 1619 559 1697 parte
592 1632 610 1674 a
645 1611 831 1675 Parmenide
858 1611 1044 1690 informato,
1078 1612 1326 1694 quandoquidem
1356 1612 1425 1692 ipss
1458 1611 1554 1673 evasit

467 1717 557 1778 liuba
586 1716 722 1795 ideoque
747 1715 842 1778 etiam
871 1717 1022 1779 terminos
1049 1724 1143 1796 atquc
1178 1716 1257 1777 lines
1290 1716 1387 1776 habet
1412 1716 1554 1793 adeoque

341 1827 364 1865 '·
468 1825 572 1882 totum
594 1818 750 1898 quoddam
772 1817 906 1882 coniicit.
948 1819 1114 1880 Enimvero
1143 1819 1323 1900 primarium
1350 1816 1428 1878 iilud
1456 1825 1554 1878 ‘uuum

341 4678 465 4814 ἱ.

470 1922 543 2003 qaia
564 1921 649 1982 omni
671 1920 797 1982 omuino
818 1919 938 1983 formae
960 1925 993 1982 et
1019 1921 1149 1983 rationis
1178 1923 1249 2002 iege
1271 1927 1339 1982 erat
1360 1921 1554 2009 destitutum,

470 2041 511 2087 ne
532 2030 634 2086 totum
656 2022 781 2102 quidem
802 2029 857 2084 aut
882 2041 977 2084 unrrm
1003 2030 1090 2085 reete
1118 2023 1268 2105 appellari
1295 2042 1389 2103 supra
1417 2024 1456 2084 ab
1485 2025 1555 2104 ipso

470 2126 658 2189 Parmenide
678 2126 839 2189 subtiliter
858 2126 1048 2207 disputatum
1071 2134 1129 2190 eat.

555 2231 659 2310 Atque
679 2229 758 2290 baec
779 2228 904 2309 quideru
925 2231 1103 2292 tenentibus
1125 2230 1216 2291 nobis
1228 2230 1462 2310 haudquaquam
1476 2228 1556 2290 mim

471 2331 613 2395 accident
646 2349 700 2407 ea,
738 2350 818 2411 quae
845 2332 992 2413 deinceps
1027 2334 1069 2395 do
1102 2352 1165 2395 uno
1191 2317 1287 2395 'linito¹
1323 2332 1442 2395 ediecta
1475 2339 1557 2395 suant.

472 2435 562 2498 Sicut
589 2434 671 2496 enim
700 2433 906 2517 philosophus
934 2442 1024 2497 antea
1049 2437 1187 2518 singutas
1215 2439 1295 2498 entis
1322 2437 1402 2498 liniti
1438 2436 1558 2498 iormaa

473 2556 543 2601 eum
564 2537 701 2601 numeria
723 2538 917 2618 eompoaultr
951 2538 994 2600 ita
1015 2540 1141 2621 nuuc*)
1167 2541 1341 2603 uuiversum
1368 2557 1474 2600 earum
1495 2541 1557 2600 rim

472 2647 566 2720 atque
587 2659 736 2703 summam
758 2642 956 2721 geometricis
983 2642 1133 2706 describit
1160 2642 1433 2725 proportionibus,
1466 2641 1558 2722 eique

473 2743 618 2807 attribuit
656 2743 857 2824 principium,
897 2746 1050 2824 medium,
1091 2749 1203 2824 mem,
1242 2747 1376 2826 denique
1416 2747 1555 2826 liguarum

474 2847 567 2929 Quod
597 2865 786 2928 magnopere
814 2854 864 2910 est
890 2851 1058 2912 carendum
1085 2870 1126 2913 ne
1154 2852 1200 2913 sic
1230 2851 1431 2931 recipiamus,
1469 2848 1558 2928 qusai

474 2951 530 3015 ille
550 2949 634 3012 ideis*
652 2949 810 3013 affluxerit
831 2966 997 3033 corporum
1025 2955 1139 3035 liguraa
1162 2961 1195 3015 et
1223 2953 1453 3034 proportiones.
1501 2951 1558 3014 lit-

474 3054 557 3116 enim
585 3072 625 3115 ue
645 3052 698 3114 iric
726 3054 852 3133 quidem
879 3056 964 3117 allud
993 3057 1065 3138 quid
1095 3058 1154 3119 nisi
1183 3058 1384 3138 symbolicam
1407 3058 1558 3135 quandam

474 3156 640 3235 loquendi,
663 3161 716 3215 aut
737 3155 765 3216 ai
779 3157 931 3232 volueris,
954 3159 1102 3234 docendi,
1124 3159 1261 3221 formam
1272 3160 1475 3238 agnoscimus,
1498 3179 1559 3239 qua

473 3256 582 3319 mundi
608 3255 749 3319 idearum
776 3258 822 3319 vis
849 3264 882 3333 et
903 3260 983 3322 ratio
1005 3279 1064 3341 per
1084 3261 1233 3341 imagines
1254 3261 1423 3341 figurarum
1446 3262 1558 3325 mentis

474 3357 562 3438 quasi
591 3357 691 3420 ooulia
720 3362 887 3441 spectsnds
907 3362 1105 3441 proponitur.
1148 3362 1352 3426 Lucrrieutum
1374 3366 1467 3449 buirus
1488 3385 1559 3429 sen·

473 3461 590 3524 tentiae
612 3469 739 3525 nostrae
760 3466 987 3527 firmamentum
1009 3466 1107 3528 laabes
1128 3464 1218 3546 Reip.
1241 3466 1312 3529 libr.
1326 3468 1392 3533 Vll.
1405 3471 1559 3552 pieac.

476 3563 596 3627 -522
610 3565 647 3627 C.
667 3567 723 3628 ubi
745 3568 950 3649 philosophus
972 3570 1081 3644 docet,
1104 3589 1189 3646 eum,
1212 3572 1392 3651 quiverunt
1415 3574 1560 3653 cupiate

475 3670 666 3748 geometriae
687 3672 792 3732 studio
815 3672 941 3733 brumae
963 3669 1145 3748 utilitatem,
1167 3693 1296 3736 avocare
1312 3685 1447 3737 mentem
1465 3695 1559 3757 opor-

474 3775 543 3833 t'ere
565 3790 583 3832 a
604 3790 708 3834 rerum
731 3772 986 3851 adspectabilium
1003 3777 1128 3857 liguris,
1149 3778 1353 3859 contemplari
1365 3779 1559 3858 incorporea,

474 3874 637 3955 ipsamque
657 3874 898 3955 magnitudinem
922 3885 955 3940 ct
977 3896 1083 3942 omnes
1098 3880 1222 3941 omnino
1242 3883 1462 3963 proportiones
1483 3898 1559 3960 geo-

475 3978 620 4041 metricas
642 3986 729 4041 extra
751 3982 912 4042 materiam
935 3982 1067 4057 intueri;
1096 4001 1165 4045 nam
1193 3984 1238 4046 lta
1267 3985 1391 4047 demum
1417 3982 1558 4044 futurum

476 4098 565 4157 ease,
587 4087 623 4144 ut
642 4102 730 4145 mena
745 4084 785 4144 ad
804 4087 1072 4166 contemplandam
1085 4087 1183 4168 ipsam
1195 4106 1300 4151 rerum
1313 4094 1451 4149 naturam
1464 4090 1559 4164 atque

475 4184 637 4246 veritatem
658 4187 816 4266 paullatim
838 4190 996 4255 evehatur.
1040 4191 1105 4252 Nec
1125 4211 1199 4254 vero
1221 4192 1370 4252 abhorret
1389 4187 1560 4251 al’iatonia

473 4287 613 4365 ratione,
635 4289 718 4370 qnod
741 4291 914 4354 universam
930 4294 1072 4357 idearum
1087 4294 1147 4354 rim
1159 4293 1259 4374 Qun
1270 4293 1373 4374 aliqua
1386 4291 1560 4372 praeditam

476 4405 547 4451 ease
572 4392 669 4456 linxit.
726 4394 820 4457 Certe
848 4395 974 4476 quidem
1001 4396 1081 4461 iim.
1110 4414 1141 4477 p.
1158 4396 1212 4467 ⁸9.
1227 4395 1264 4459 ii.
1297 4396 1388 4459 ideae
1416 4396 1561 4459 similiter

482 4529 691 4549 —'-¹·———-

543 4604 571 4670 *t
587 4606 618 4656 Ρ.
636 4606 702 4661 litt.
722 4613 753 4663 Α.
771 4573 829 4682 sqq.
