3775 5442
674 663 761 723 biber
782 665 901 741 primus.
945 663 1046 725 Sectio
1069 665 1101 729 V,
1362 668 1425 733 1⁸5
1499 611 1510 636 ⁰
1548 735 1556 743 ,

331 838 366 898 iu
391 853 450 896 ena
477 833 557 895 illud
586 835 755 909 inlinitum,
793 836 876 899 unde
902 837 1044 897 idearum
1072 835 1225 917 originem
1252 839 1422 904 cPlatone

330 940 501 1020 repetitam
531 957 602 1000 erse
628 957 798 1000 censemus.
847 939 968 1001 llelnde
990 956 1027 998 eo
1048 937 1123 999 item
1145 945 1196 1000 est
1217 940 1296 1002 adeo
1318 946 1422 1008 tenuis

330 1042 538 1120 subtilisque,
561 1047 598 1102 ut
618 1041 780 1102 oculorum
791 1041 972 1121 adspectum
986 1060 1114 1122 prorsus
1127 1042 1228 1122 lugiet
1245 1061 1304 1105 nec
1321 1050 1422 1126 possit

331 1147 398 1208 ullo
422 1144 517 1206 modo
540 1144 625 1205 cerni
645 1163 681 1203 ac
703 1143 874 1208 diiudicari.
917 1144 995 1205 Nam
1017 1145 1102 1224 quod
1123 1147 1155 1206 iu
1170 1146 1323 1226 principio
1341 1149 1421 1216 Tim.

274 1270 277 1275 ·
330 1240 363 1331 p.
376 1248 480 1311 tun.
502 1248 573 1309 coll.
595 1247 648 1309 uo.
668 1247 703 1323 li.
724 1247 834 1308 eedem
862 1250 996 1311 sumitur
1023 1266 1093 1310 esse
1119 1249 1353 1329 adspectcbllis‚
1388 1249 1425 1315 ld'

330 1357 444 1435 postea
464 1350 664 1429 diligentiore
685 1349 732 1409 rei
746 1351 956 1431 disputatione
972 1351 1114 1414 institute
1129 1359 1316 1418 retractatur
1327 1362 1422 1436 atque

329 1455 458 1537 penitus
481 1452 619 1528 tollitur,
641 1451 715 1513 inde
728 1473 746 1512 a
760 1472 792 1532 p.
806 1453 906 1516 tuln
951 1456 1020 1532 Quo
1044 1456 1168 1533 quidem
1178 1457 1249 1519 loeo
1263 1458 1420 1535 Timacus,

331 1559 448 1634 „lluo,
469 1555 585 1635 lnquit,
607 1575 712 1617 rerum
729 1575 843 1636 genero
864 1559 897 1618 in
918 1557 1133 1637 superioribus
1147 1561 1320 1638 posuimus,
1343 1582 1420 1642 quo·

330 1681 402 1723 rum
429 1660 563 1721 alterum
589 1659 777 1738 exemplario
807 1679 911 1721 rerum
941 1665 1081 1736 aeterna,
1113 1661 1245 1723 atterum
1267 1684 1321 1739 ca,
1343 1683 1422 1744 quae

332 1765 481 1828 oriuntur
504 1767 537 1824 et
558 1767 745 1838 cernuntur,
768 1762 1043 1839 complectebatur.
1085 1764 1176 1824 Nunc
1197 1783 1270 1826 vero
1290 1767 1340 1828 his
1358 1773 1421 1827 ter-

331 1871 412 1931 tium
434 1873 485 1931 est
506 1865 728 1939 adiiciendum,
750 1883 809 1944 per
830 1883 866 1925 se
887 1866 1054 1928 obscurum
1071 1865 1168 1943 lllud,
1192 1866 1339 1946 quodque
1353 1887 1422 1928 rer-

333 1973 384 2035 bia
414 1988 510 2051 segre
536 1967 671 2030 describi
699 1973 801 2045 queat.
852 1968 888 2029 ld
914 1970 996 2031 hanc
1016 1968 1112 2030 babet
1132 1971 1194 2029 vim
1216 1973 1249 2029 et
1269 1973 1422 2044 naturam,

336 2082 371 2139 ut
389 2072 624 2155 generationem
645 2070 679 2131 in
700 2087 735 2129 se
755 2071 886 2149 recipiet
902 2073 1032 2152 eiusque
1043 2073 1138 2134 velam
1149 2091 1262 2153 parens
1275 2072 1422 2151 aitatque

333 2184 444 2240 mater.
486 2175 654 2236 Enimvero
677 2173 876 2252 quodmodo
898 2196 977 2255 equa
999 2183 1065 2253 est,
1087 2177 1120 2237 id
1140 2175 1341 2237 concretione
1353 2195 1421 2239 sus-

333 2287 426 2360 cepta
452 2278 486 2339 in
512 2276 633 2357 lapides
665 2282 698 2336 et
719 2282 834 2338 terram
856 2285 1013 2351 mutatum
1041 2280 1241 2360 liquefactum
1263 2285 1366 2341 nutem
1388 2267 1421 2343 ct

334 2385 471 2449 solutum
500 2399 604 2446 aerem
631 2379 730 2442 efficit
756 2389 849 2460 atque
881 2379 1018 2445 ventum.
1066 2385 1143 2446 Nam
1165 2403 1220 2445 aer
1241 2391 1367 2446 mustus
1389 2384 1421 2455 in

333 2489 456 2569 ignu,
490 2485 572 2564 ignis
600 2484 752 2563 extinctus
777 2484 810 2545 in
837 2486 956 2558 οὕτως
990 2503 1044 2549 ner
1073 2496 1176 2549 autem
1205 2494 1368 2549 concretus
1388 2488 1421 2549 in

334 2589 479 2653 nebulam
500 2592 534 2647 et
554 2587 670 2670 nubes3
695 2587 756 2647 hee
778 2587 939 2651 densiores
960 2588 1062 2650 foetae
1083 2590 1115 2651 in
1136 2608 1262 2668 cquam3
1290 2611 1368 2670 aqua
1390 2592 1423 2652 in

334 2702 455 2756 terram
483 2698 577 2770 atque
602 2690 723 2771 lapides
757 2690 922 2751 discedunt
943 2692 988 2771 *).
1038 2693 1189 2770 Quocirca
1214 2695 1292 2755 haec
1321 2695 1423 2759 omnia
1491 2724 1506 2742 =

334 2797 370 2861 ln
399 2797 507 2859 orbem
533 2795 629 2856 veluti
664 2795 928 2873 circumaguntur,
962 2813 1020 2856 uec
1049 2795 1209 2873 quisquam
1238 2802 1289 2856 est
1315 2794 1421 2874 poullo

336 2897 542 2981 prudentior,
564 2898 641 2977 quin
663 2916 700 2956 ec
719 2896 793 2957 talia
811 2897 861 2957 vel
877 2898 952 2958 talin
964 2898 1123 2978 appellare
1137 2916 1324 2975 magnopere
1336 2916 1423 2958 vere·

340 3001 502 3082 camdetur.
549 3001 657 3079 lthue
686 2999 726 3059 de
753 2997 814 3059 hoc
843 3016 960 3078 genere
987 3019 1092 3060 rerum
1119 2998 1196 3060 nibil
1226 3001 1294 3063 sine
1315 3018 1424 3079 magns

337 3107 470 3189 quadam
492 3104 687 3169 dubitatione
708 3108 795 3165 certo
816 3104 1020 3181 pronuntiare
1041 3103 1131 3176 licet;
1164 3110 1197 3165 et
1219 3103 1424 3183 quodcunque

336 3212 476 3286 ridanus
498 3208 583 3270 uliud
604 3214 698 3286 utque
719 3205 802 3268 aliud
825 3204 910 3281 lieri,
932 3207 966 3269 id
987 3227 1051 3270 non
1070 3208 1147 3283 buc,
1176 3209 1234 3270 sed
1256 3207 1320 3268 tole
1338 3207 1424 3289 quip-

332 3318 423 3399 piam
443 3322 494 3377 eat
515 3310 698 3384 dicendum,
720 3310 816 3370 veluti
837 3312 934 3392 ignis,
963 3331 1056 3392 aqua,
1084 3313 1153 3386 eir,
1179 3312 1213 3373 id
1235 3329 1334 3392 genus
1355 3309 1424 3372 olle.

336 3421 446 3499 Neque
467 3418 552 3478 enim
573 3415 639 3474 ullo
661 3413 829 3511 acerbolo,
852 3434 914 3494 quo
936 3416 1053 3494 aliquid
1074 3415 1152 3475 certi
1169 3422 1264 3492 atque
1278 3416 1357 3477 lirmi
1370 3414 1424 3474 de-

338 3525 494 3604 rignatur,
516 3521 620 3600 qualia
641 3525 714 3580 sunt
734 3519 917 3598 pronomine
937 3520 992 3579 illc
1016 3518 1072 3578 boc
1094 3523 1127 3577 et
1149 3517 1245 3591 illud,
1266 3517 1309 3578 de
1327 3517 1366 3576 iis
1379 3517 1424 3578 uti

336 3627 430 3700 lieet,
454 3626 570 3705 quippe
591 3642 670 3703 quae
691 3629 821 3703 propter
841 3628 1024 3703 perpetuam
1054 3627 1182 3681 naturae
1214 3638 1290 3681 sune
1311 3619 1425 3680 ulcisci-

337 3729 480 3791 tudinem
503 3747 625 3789 omncm
646 3746 753 3789 vocem
776 3729 994 3806 perpetuitatis
1016 3733 1049 3786 et
1070 3724 1261 3788 constantiae
1278 3720 1426 3781 indicium

339 3833 506 3895 lactentem
535 3850 663 3913 prorsus
696 3837 910 3909 aspernentur.
960 3830 1024 3890 Res
1059 3829 1200 3908 exemplo
1235 3826 1337 3904 aliquo
1371 3823 1427 3885 fiet

340 3935 496 4000 illustrior
523 3942 556 3996 et
582 3935 679 4014 megia
708 3936 879 4013 perspicua.
930 3936 1055 4013 Siquis
1077 3935 1158 3994 enim
1181 3930 1281 3992 omnis
1303 3927 1426 4008 generis

339 4041 456 4120 ligures
487 4059 526 4100 ex
552 4057 627 4098 curo
656 4035 785 4118 effingat
812 4055 913 4116 neque
941 4055 1074 4117 unqrram
1104 4035 1329 4097 transformare
1348 4029 1427 4091 illud

341 4144 480 4213 desinat;
516 4159 581 4201 rem
609 4138 694 4200 illam
721 4140 882 4201 verissime
908 4159 1017 4200 aurum
1046 4141 1253 4219 appellemus,
1281 4131 1428 4211 trianguli

340 4254 446 4309 autem
467 4245 517 4304 rel
539 4244 618 4304 alius
640 4244 808 4323 cuiuspiam
831 4244 949 4323 figurae
970 4245 1094 4305 nomine
1105 4244 1254 4323 insignire
1272 4255 1333 4298 non
1354 4236 1428 4297 lice-

341 4352 405 4425 bit,
428 4368 523 4429 quum
545 4368 583 4411 eo
607 4347 674 4427 ipso
696 4355 852 4427 tempore,
875 4368 937 4427 quo
960 4354 1064 4408 certae
1085 4348 1213 4409 alicuius
1235 4343 1352 4420 ligurae
1374 4356 1429 4405 nor·
1494 4410 1502 4423 ,

340 4456 426 4517 mine
468 4459 609 4526 utamur,
653 4452 713 4512 elin
746 4451 848 4511 lorma
881 4470 917 4511 cc
950 4452 1070 4531 species
1111 4448 1239 4529 prodire
1279 4443 1426 4524 potuerit

348 4602 362 4608 -
369 4598 560 4607 ...φο-ν...-

414 4673 441 4734 *)
460 4670 554 4721 Cicero
572 4670 610 4721 Dc
628 4670 687 4720 Nat.
708 4670 786 4720 licor.
809 4670 852 4719 lll.
875 4669 916 4726 lt.
994 4735 996 4737 Ι
