3775 5442
706 664 790 725 biber
811 668 928 728 tortior:
969 663 1069 726 Sectio
1091 666 1126 726 ll.
1157 664 1165 677 ‘
1388 667 1453 728 Μ

369 836 409 901 (l.
429 834 481 898 ur.
499 835 657 899 Hermann
680 836 725 896 Ile
747 836 884 901 Socratis
907 839 1063 918 magistria
1086 860 1121 900 ac
1144 837 1306 918 disciplina
1327 839 1452 900 iuvenili

370 938 532 1021 merburg.
563 939 656 1000 leet.
685 939 714 1001 4.
751 958 782 1019 p.
805 939 857 1002 47.
921 941 984 1004 Sed
1015 940 1163 1022 quidquid
1185 940 1234 1001 rei
1256 946 1322 1015 eat,
1352 959 1454 1021 ueqtm

370 1045 453 1105 euim
481 1044 514 1106 ld
542 1043 662 1124 agimur
688 1041 750 1104 boc
775 1047 934 1121 tempore,
971 1044 1051 1106 illud
1086 1028 1211 1123 quidem
1245 1043 1452 1106 certissimum

367 1152 514 1224 putemur
535 1163 607 1208 eoae
628 1152 721 1225 atque
742 1145 1021 1222 evidentissimum,
1044 1166 1183 1209 causeam
1206 1150 1239 1207 et
1265 1145 1452 1208 veriaimilli·

369 1267 449 1308 nuam
471 1254 504 1308 et
524 1249 653 1310 maxime
674 1249 830 1321 idoneam,
852 1267 908 1309 cur
928 1249 1018 1310 Plato
1039 1250 1200 1311 Socratem
1222 1249 1451 1312 adolescentem

370 1350 430 1410 iam
458 1356 530 1412 ante
557 1353 688 1413 multum
717 1357 839 1430 ternpus
871 1371 939 1412 cum
968 1372 1044 1413 aene
1070 1352 1253 1413 Parmenlde
1287 1353 1452 1414 convenire

370 1452 508 1528 iusserit,
529 1456 561 1515 in
583 1455 652 1534 ipao
674 1455 749 1516 libri
770 1461 951 1532 argumento
974 1457 1141 1531 contineri,
1168 1455 1283 1536 qnippe
1304 1455 1387 1536 qn'od
1409 1453 1453 1517 ait
1560 1494 1564 1501 ,

370 1555 543 1630 eiusmodi,
572 1564 607 1618 ut
635 1563 670 1616 et
691 1556 827 1617 Socratis
850 1560 1055 1635 praesentiam
1078 1560 1246 1641 flagitaret,
1275 1568 1307 1620 et
1326 1558 1452 1622 Parme·

367 1657 437 1719 nidi
459 1661 574 1738 primae
597 1658 773 1738 diapatandi
795 1666 901 1737 parter
923 1661 1051 1723 attribui
1072 1659 1226 1723 euuaderet
1249 1662 1356 1742 Neque
1370 1663 1453 1724 enim

368 1768 493 1823 temere
528 1782 597 1824 cam
629 1762 750 1824 'l'ireod
777 1761 906 1841 Rorgtio
934 1762 1154 1825 Commentatt.
1228 1764 1274 1826 lie
1301 1764 1454 1844 lieliqniia

367 1864 563 1927 Comoediae
589 1865 711 1928 Atticae
731 1884 762 1945 p.
783 1865 835 1927 8⁰.
867 1865 937 1927 coli.
959 1864 1032 1927 858.
1056 1852 1292 1930 existimandum
1313 1873 1363 1928 ent
1383 1866 1455 1928 Ple-

367 1976 478 2029 tonem
506 1969 538 2028 in
567 1968 617 2029 hia
643 1968 739 2030 rebur
766 1974 831 2029 tam
858 1968 991 2029 licenter
1018 1974 1193 2049 graaaatum
1216 1990 1296 2046 enee,
1319 1975 1354 2031 ut
1375 1964 1454 2031 tem-

366 2089 481 2151 porum
509 2071 646 2133 rationea
673 2072 836 2133 arbitrario
862 2091 898 2134 ae
924 2089 1025 2152 paene
1052 2071 1220 2135 libidinose
1249 2072 1454 2154 pervertente

368 2173 456 2253 quod
476 2192 551 2234 rane
572 2174 676 2235 fuerat
696 2174 890 2236 intolerabile
911 2175 1048 2236 visurum
1070 2177 1259 2255 aequalibua

455 2277 612 2356 Sequitur,
631 2282 666 2337 ut
687 2277 728 2338 de
741 2278 869 2339 Zenone
882 2279 1045 2361 dicendum
1058 2280 1110 2354 eit,
1134 2299 1225 2359 quem
1246 2278 1452 2361 pbiloeopbue

367 2381 436 2440 aeni
457 2378 633 2442 Parmenidi
661 2380 799 2442 adiunxit
826 2383 954 2444 socium.
1009 2383 1109 2461 Quem
1137 2383 1262 2462 quidem
1291 2383 1319 2446 al
1346 2389 1452 2462 purten

367 2483 572 2544 Briatlcorum
595 2483 676 2564 apud
696 2484 858 2545 Platonem
881 2503 975 2565 agere
996 2486 1205 2564 satanicarum,
1236 2487 1282 2548 ita
1309 2492 1344 2548 ut
1373 2485 1454 2566 quae

367 2587 410 2648 de
442 2605 480 2649 eo
507 2594 687 2664 narrentur,
722 2588 814 2648 etiam
846 2586 885 2646 ad
915 2585 974 2647 boa
1002 2588 1231 2665 quodammodo
1264 2589 1452 2669 pertineant,

367 2691 486 2753 babere
513 2691 603 2753 nobie
630 2690 772 2751 ridemur
800 2689 892 2752 buiua
918 2691 1092 2750 tententiae
1120 2698 1246 2753 nostrae
1274 2710 1397 2752 cananae
1418 2695 1453 2750 et
1550 2672 1553 2685 ’

367 2801 549 2875 argumenta
570 2813 633 2855 non
653 2792 881 2873 improbabilia.
910 2791 1031 2871 Quippe
1045 2793 1131 2853 Zeno
1153 2793 1244 2853 aicnti
1260 2791 1453 2854 Parmenidi·

370 2899 497 2960 decreta
525 2900 616 2960 unice
642 2895 907 2975 amplectebatur,¹
922 2895 966 2955 ita
995 2894 1146 2975 Megarici
1178 2896 1238 2955 toti
1272 2915 1308 2956 ex
1336 2895 1453 2956 Eleatie

370 3001 555 3083 pendebant,
579 3019 760 3080 quamquam
783 3018 893 3063 eorum
915 2999 1064 3084 unitatem
1088 3017 1145 3060 auo
1168 2998 1303 3078 quodam
1325 3017 1360 3058 ac
1381 3016 1454 3076 pro·

366 3105 440 3188 prio
460 3106 554 3166 modo
576 3103 792 3164 informabant.
856 3102 957 3164 Porro
980 3101 1238 3182 quemadmodum
1259 3104 1346 3170 Zeno
1369 3120 1454 3163 acer-

365 3211 447 3271 rimo
475 3206 580 3271 etudio
608 3207 787 3268 versabatur
813 3205 846 3267 in
877 3206 1064 3282 dialecticio,
1099 3213 1134 3267 ιιι
1169 3226 1188 3267 a
1220 3207 1326 3268 multia
1361 3206 1454 3268 lruine

366 3313 445 3373 artie
471 3329 584 3391 paren·
612 3311 737 3372 babitus
765 3310 822 3382 ait,
851 3309 947 3370 veluti
976 3329 995 3370 a
1026 3308 1120 3370 Sexto
1149 3307 1240 3388 blmp.
1262 3310 1331 3376 adv.
1354 3309 1453 3371 blatii.

366 3414 433 3478 vll.
454 3416 485 3477 ’1.
509 3415 636 3493 Diogen.
659 3414 758 3474 badrt.
781 3411 832 3474 lX.
856 3412 993 3474 2b.coli.
1015 3410 1093 3472 vili.
1109 3410 1171 3482 ὄλ,
1194 3411 1240 3471 aic
1260 3413 1307 3473 illi
1330 3433 1453 3492 quoqne

365 3526 455 3581 ιιυιο
486 3517 657 3598 flagrabant
684 3514 859 3596 disputandi
887 3514 1018 3587 miore,
1049 3521 1083 3574 ut
1104 3518 1226 3573 mature
1247 3512 1466 3576 Erieticorurn'

367 3641 483 3685 nomen
505 3619 735 3700 acciperent*).
769 3621 846 3681 Nam
867 3602 926 3678 ianr
950 3619 980 3677 iu
993 3615 1283 3691 Euclide‚.ecbolae
1305 3617 1452 3696 principe,

368 3727 533 3788 cavillandi
561 3727 678 3787 rabiem
708 3724 826 3786 notavit
852 3722 944 3784 Timo
973 3720 1189 3802 Sillograplrur
1219 3717 1300 3800 apud
1324 3715 1476 3796 Diogen'

366 3830 470 3894 hert.
491 3829 528 3892 ll.
552 3829 623 3893 107.
654 3835 687 3891 et
716 3830 870 3909 Diogenen
898 3826 1099 3907 Sinopensis,
1140 3824 1192 3905 qui
1218 3825 1302 3885 teate
1329 3818 1454 3881 Laertia

368 3933 420 3996 Vl.
448 3933 501 3995 tl.
567 3928 747 3995 Εὐκλείδου
780 3923 905 4013 σχολήν
937 3931 1020 3992 ealce
1063 3927 1239 4009 appellabat
1272 3918 1454 3986 Εὐκλείδου

368 4031 485 4121 χολήν.
520 4035 584 4097 Nec
605 4053 675 4096 eum
698 4038 765 4116 ipae
786 4035 932 4096 Socraten
954 4052 1015 4093 non
1037 4030 1218 4113 perstrinxit
1238 4027 1302 4089 boc
1321 4025 1456 4090 nonna.

366 4141 399 4203 Ιι
421 4141 513 4214 onim,
535 4145 571 4201 ut
592 4142 642 4198 eet
663 4137 744 4218 apud
765 4136 868 4199 Ladrt.
888 4136 925 4197 ΙΙ.
940 4136 1003 4212 διλ,
1027 4131 1115 4217 ὁρῶν
1138 4128 1319 4209 Εὐκλείδην
1341 4133 1453 4193 λυπου-

368 4237 502 4306 δακότα
524 4243 598 4326 περὶ
620 4231 700 4313 τούς
721 4231 906 4322 ἐριστικοὺς
929 4233 1069 4321 λόγους,
1097 4224 1124 4299 ὦ
1145 4231 1320 4311 Εὐκλείδῃ,
1343 4230 1454 4312 inquit,

369 4354 550 4435 σοφισταῖς
572 4345 631 4426 μὲν
654 4338 775 4432 δυνήσῃ
794 4344 966 4427 χρῆσθαι,
996 4332 1196 4423 ἀνθρώποις
1225 4336 1260 4400 δὲ
1291 4332 1453 4416 οὐδαμῶς.

370 4450 416 4513 Iit
436 4450 526 4512 Plato
549 4467 673 4530 quoquo
693 4448 777 4511 haud
799 4447 865 4511 noio
887 4464 927 4507 an
948 4444 1110 4507 Euclidem
1136 4441 1265 4520 duraque
1285 4438 1455 4502 iemiilerea

439 4671 464 4735 q
481 4667 515 4718 v.
535 4669 625 4738 nequ
643 4669 675 4721 ιι
693 4665 832 4737 uenae·
851 4682 878 4735 p.
896 4664 966 4732 aq.
