3775 5442
804 627 889 684 litter
911 639 1040 703 quartus.
1410 633 1474 695 ddi)

377 795 469 856 butus
493 795 567 856 libri
589 803 622 856 et
645 796 849 858 subtilitatem
866 806 898 860 et
915 799 1138 860 obscuritatem
1163 801 1352 880 singularem
1374 805 1471 866 iuter-

378 899 476 978 pr'etis
514 917 625 959 munus
661 900 722 959 sibi
756 901 918 978 iniungere
946 902 1152 983 intelligeret,
1188 903 1323 983 ideoque
1353 907 1393 966 de
1421 907 1470 970 bis

377 1004 521 1065 omnibus
550 1003 699 1064 disseruit
727 1003 787 1078 ita,
825 1010 857 1063 ut
891 1004 967 1064 nibil
998 1004 1058 1065 nisl
1091 1007 1297 1066 contruderet
1325 1015 1357 1068 ct
1385 1009 1469 1073 albr-

375 1113 491 1179 maret,
522 1106 608 1167 ideas
637 1112 821 1185 propterea,
851 1109 934 1184 quud
958 1108 988 1167 ln
1011 1126 1048 1168 se
1074 1109 1253 1179 absolutae,
1282 1114 1471 1185 constantes,

375 1209 586 1286 sempiternae
609 1217 726 1281 essent,
751 1228 813 1267 non
838 1229 932 1288 posse
954 1230 1011 1288 pro
1035 1230 1140 1272 rerum
1164 1210 1281 1272 carresis
1302 1217 1336 1269 et
1357 1213 1471 1290 prinoi-

375 1310 436 1388 pils
457 1311 577 1384 haberi,
599 1311 855 1388 quandoquidem
879 1331 1005 1372 caussae
1028 1314 1115 1373 notio
1145 1321 1247 1372 motus
1270 1321 1302 1372 ct
1324 1315 1471 1377 mutatio-

375 1411 422 1472 nis
455 1411 515 1471 rim
550 1416 813 1492 complecteretur
853 1415 891 1472 ab
928 1415 1068 1474 idearum
1099 1414 1324 1476 Platonicorum
1359 1423 1470 1478 natura

375 1514 607 1577 abhorrentem.
661 1515 830 1578 Subtiliter
852 1534 953 1594 nrrper
975 1518 1015 1576 de
1037 1517 1095 1577 lrac
1117 1518 1257 1577 universa
1279 1537 1314 1578 re
1335 1521 1469 1598 explica·
1556 1543 1558 1546 ’

373 1625 449 1676 runt
472 1616 634 1678 chricus
649 1617 797 1677 littteras
819 1617 849 1676 in
874 1617 975 1678 libro:
1001 1616 1189 1678 Gcacdlcbte
1202 1616 1258 1678 der
1273 1618 1470 1701 Plitoaopln'c

373 1718 411 1782 Τ.
436 1720 484 1779 ΙΙΙ.
507 1740 536 1798 p.
563 1719 625 1779 118
642 1739 709 1798 sqq.
734 1727 766 1778 et
789 1717 939 1778 Biear'ua:
963 1718 1025 1780 Die
1048 1717 1244 1799 Philosophia
1264 1720 1320 1781 dea
1342 1724 1469 1800 Aristo·

373 1822 463 1880 tetes.
493 1820 641 1894 berolini,
666 1819 759 1881 1835.
790 1821 842 1898 qui
871 1842 931 1901 quo
960 1823 1082 1884 ratione
1111 1823 1298 1885 Aristoteles
1328 1823 1468 1887 Platonis

374 1925 417 1982 de
439 1923 518 1983 ideis
541 1923 714 1983 doctrinam
738 1929 770 1982 et
794 1924 986 1985 intellexerit
998 1933 1031 1985 et
1052 1926 1277 2005 interpretatus
1299 1925 1351 2000 sit,
1374 1944 1468 2006 eupo-

371 2043 450 2084 nere
473 2025 575 2085 conati
596 2028 677 2085 auru.
708 2024 797 2087 Coni.
822 2027 912 2087 etiam
941 2025 1084 2088 Corriere
1105 2029 1126 2089 l.
1150 2047 1176 2089 c.
1199 2047 1229 2105 p.
1253 2027 1291 2087 dt
1309 2046 1377 2107 sqq.
1422 2029 1468 2090 tta

371 2128 467 2205 igitur
494 2127 695 2206 intelligitur,
725 2128 778 2206 qui
801 2129 865 2202 liat,
894 2135 928 2189 ut
950 2129 1125 2209 Stagirites,
1150 2150 1333 2210 quamquam
1357 2131 1467 2192 cadem

372 2231 508 2303 decretu,
532 2249 612 2308 quae
633 2230 828 2291 illustrantur
846 2231 877 2291 ln
892 2231 1087 2308 Parmenide,
1110 2235 1161 2295 rel
1182 2233 1282 2313 tangit
1304 2253 1361 2312 per
1379 2250 1464 2294 oeca-

371 2333 490 2393 siooem
514 2332 562 2392 vel
585 2333 625 2393 de
646 2332 797 2394 industria
818 2334 987 2414 impugnat,
1022 2343 1126 2397 tamen
1148 2336 1241 2397 buius
1264 2337 1368 2415 operis
1390 2356 1463 2399 nus-

372 2453 463 2512 quam
492 2433 608 2494 diserte
636 2435 824 2496 mentionem
853 2438 986 2511 inliciat,
1020 2443 1055 2497 ut
1081 2437 1157 2499 iude
1186 2438 1306 2501 irandis
1335 2440 1464 2502 alicuius

371 2538 508 2615 suspicio
544 2537 781 2618 haudquaquam
811 2538 925 2599 deduci
959 2541 1070 2618 possit.
1136 2539 1185 2600 Ad
1219 2540 1297 2601 baec
1332 2541 1464 2616 accedit,

372 2640 457 2718 quod
479 2639 508 2699 el
531 2639 623 2700 troius
647 2641 719 2701 libri
742 2647 957 2719 argumentum
979 2641 1156 2718 neutiquam
1178 2641 1303 2702 videtur
1323 2643 1464 2722 incogni-

372 2750 437 2802 tum
467 2742 574 2803 tuisse.
625 2743 701 2803 Nam
731 2762 789 2821 ego
823 2743 851 2803 sl
880 2742 955 2821 quid
981 2743 1094 2814 rideo,
1130 2743 1287 2821 pertinent
1315 2746 1353 2804 ad
1383 2745 1462 2806 illud

372 2863 453 2923 quae
474 2845 606 2925 legimus
639 2845 800 2923 Physieor.
828 2844 914 2906 ler.
936 2845 958 2906 l.
988 2863 1015 2905 c.
1037 2845 1066 2906 a.
1089 2850 1167 2905 extr.
1199 2845 1281 2906 tutor
1302 2844 1337 2905 dd
1359 2843 1461 2908 ἐνέδο-

370 2964 437 3010 σαν
464 2956 536 3020 τοῖς
564 2942 679 3028 λόγοις
711 2944 937 3034 ἀμφοτέροις·
967 2948 1016 3028 τῷ
1042 2948 1118 3027 μέν,
1147 2938 1201 3008 ὅτι
1223 2938 1337 3008 πάντα
1362 2948 1413 3020 ἓν,
1436 2950 1463 3010 τὶ

370 3040 411 3109 τὸ
435 3039 475 3111 ὃν
502 3049 537 3111 ἓν
567 3053 737 3128 σημαίνει,
765 3044 820 3113 τ”τι
842 3050 913 3111 ἔστι
934 3049 991 3112 καὶ
1014 3040 1053 3110 τὸ
1081 3041 1126 3130 μὴ
1155 3039 1211 3111 ὅν·
1246 3049 1293 3128 τῷ
1322 3044 1373 3121 de',
1401 3049 1462 3125 τῆς

371 3147 569 3232 διχοτομίας
596 3142 709 3230 ἄτομα
741 3148 942 3229 ποιήσαντες
973 3151 1116 3234 μεγέθη.
1165 3140 1312 3239 φανερὸν
1342 3148 1376 3211 δὲ
1404 3149 1462 3212 καὶ

370 3245 424 3314 ὅτι
449 3249 508 3315 οὐκ
531 3249 673 3329 ἀληθές,
696 3249 740 3327 ὠς
762 3258 788 3317 εὶ
811 3255 847 3319 ἓν
869 3257 1023 3336 σημαίνει
1050 3244 1091 3315 τὸ
1120 3242 1160 3315 ὅν
1182 3252 1239 3314 καὶ
1261 3243 1307 3334 μὴ
1331 3243 1461 3316 οἷόντε

370 3346 443 3435 ἅμα
474 3347 535 3432 τὴν
566 3351 751 3443 α’ντιίμαοιν
773 3353 869 3432 εἶναι,
900 3353 961 3419 οὐκ
984 3356 1079 3418 ἔσται
1102 3348 1263 3434 οὐδένμὴ
1287 3347 1341 3418 ὅν·
1365 3351 1461 3419 οὐδὲν

371 3447 438 3539 γὰρ
462 3450 578 3521 κωλύει
604 3451 650 3539 μὴ
680 3457 793 3531 ἁπλῶς
815 3455 916 3533 εἶναι,
948 3449 1035 3518 ἀλλὰ
1059 3447 1103 3534 μὴ
1128 3445 1168 3515 ὅν
1189 3475 1222 3514 τι
1245 3450 1330 3518 εἶναι
1351 3452 1391 3519 τὰ
1412 3450 1458 3540 μὴ

370 3549 418 3619 ὅν.
441 3549 482 3620 τὸ
506 3557 541 3619 δὲ
564 3552 604 3636 δι)
628 3556 738 3648 (μένοι
765 3556 841 3640 παρ’
867 3551 952 3620 αὐτὸ
980 3549 1020 3618 τὸ
1044 3547 1099 3627 ὄν,
1129 3551 1173 3628 ὠς
1196 3558 1221 3617 ai
1243 3549 1290 3636 μή
1310 3577 1345 3619 τι
1366 3558 1460 3622 ἔσται

371 3650 464 3733 ἄλλο,
487 3660 522 3723 ἓν
544 3656 658 3724 πάντα
682 3664 834 3734 ἔσεσθαι,
855 3653 997 3722 ἄτοπον.
1020 3660 1072 3731 τίς
1091 3649 1156 3740 γὰρ
1178 3653 1351 3739 μανθάνει
1375 3654 1458 3723 αὐτὰ

370 3754 410 3824 τὸ
441 3753 499 3835 ὅν,
528 3765 554 3826 sl
581 3756 626 3843 μὴ
658 3757 696 3826 τὸ
727 3757 807 3845 ὅπερ
836 3754 876 3825 ὅν
900 3785 932 3824 τι
955 3755 1064 3833 οἴνοις
1098 3759 1180 3823 εἰδὲ
1214 3765 1327 3835 τοῦτο,
1365 3759 1460 3825 οὐδὲν

370 3856 459 3944 ὅμως
487 3860 599 3928 κωλύει
628 3860 740 3929 πολλὰ
774 3862 860 3929 εἶναι
888 3857 930 3926 τὰ
960 3856 1058 3936 ὄντα,
1093 3854 1198 3946 ὥςπερ
1231 3860 1368 3941 εἴρηται.
1405 3855 1459 3926 ὅτι

369 3965 429 4046 μὲν
456 3956 516 4030 οὖν
545 3962 649 4042 οὕτος
681 3973 715 4031 ὲν
743 3962 828 4032 εἶναι
855 3961 894 4031 τὸ
925 3958 964 4030 ὃν
993 3960 1178 4038 ἀδύνατον,
1209 3963 1320 4040 δῆλον.
1348 4005 1353 4015 ·
1381 3964 1458 4026 Nam

368 4068 458 4131 Plato
481 4072 599 4134 Eleatis
624 4091 737 4144 unum,
772 4077 924 4148 quatenus
947 4089 1018 4131 esse
1039 4072 1226 4148 poneretur,
1257 4068 1363 4146 utique
1383 4087 1458 4128 con·

369 4175 478 4235 cessit:
512 4175 690 4236 consociato
727 4181 830 4234 autem
864 4176 925 4235 τοῦ
960 4166 1034 4243 ἑνός
1061 4178 1094 4230 et
1128 4171 1187 4230 τοῦ
1228 4160 1327 4242 ὄντος
1361 4171 1457 4232 retutl

367 4276 523 4337 elemento
546 4276 655 4337 elleclt
676 4279 810 4337 infinitas
832 4273 1065 4346 multitudines,
1102 4290 1177 4350 quas
1196 4270 1361 4352 Stagirites
1378 4265 1457 4335 oiad-

367 4401 451 4459 μους
474 4380 618 4459 appellat.
664 4381 750 4457 Quae
772 4379 884 4450 omnia,
919 4376 1011 4437 sicuti
1033 4375 1171 4453 reliqua,
1194 4374 1349 4435 eiusmodi
1371 4383 1454 4450 sunt,

369 4489 487 4543 utnon
511 4502 579 4541 cum
602 4482 761 4560 Simplicio
784 4482 824 4542 ad
844 4480 1042 4559 Sopbistam,
1065 4477 1122 4539 sed
1144 4478 1247 4555 potius
1270 4477 1309 4538 ad
1331 4477 1455 4538 Parme·

367 4584 472 4647 uidem
498 4583 663 4645 referenda
684 4584 855 4646 rideantur.
899 4583 965 4644 Neo
987 4602 1061 4644 vero
1083 4581 1261 4642 dubitamus
1276 4581 1354 4642 allos
1377 4598 1456 4660 quo·

1175 4683 1215 4741 22
1229 4683 1256 4716 *‘
