3775 5442
370 655 412 718 52
701 650 787 711 hiber
808 653 927 728 primus.
972 650 1072 709 Sectio
1094 648 1130 710 ll.

372 825 462 899 uelit,
486 824 515 884 ei
537 823 640 885 diviua
662 821 791 904 quadam
810 841 893 903 opus
914 842 985 885 esse
1006 822 1122 903 ingenii
1143 818 1347 901 perspicacia:
1382 835 1454 877 nam

371 929 463 990 buius
485 934 603 988 tautum
626 945 686 1006 ope
708 946 745 987 eo
774 933 958 1006 perventum
980 924 1037 998 iri,
1072 931 1107 987 ut
1136 926 1204 1004 quis
1233 929 1265 985 et
1292 923 1359 1003 ipsc
1386 938 1454 980 rem

370 1029 525 1108 intelligat
546 1036 750 1108 accurateque
770 1031 958 1110 perspiciat,
986 1035 1018 1089 et
1039 1029 1108 1091 aliis
1130 1030 1260 1089 eandem
1283 1025 1395 1104 probet
1417 1042 1456 1082 ao

371 1132 574 1215 persuadeat,
597 1134 726 1195 sublatis
748 1133 892 1195 omnibus
914 1133 1076 1199 dubitandi
1106 1132 1221 1193 caussis
1248 1136 1342 1207 atque
1364 1145 1457 1205 argu-

371 1235 494 1298 mentis.
537 1233 641 1296 lh'iliilo
663 1237 763 1298 minus
784 1256 858 1297 sero
880 1236 964 1298 idem
986 1236 1040 1297 ille
1062 1235 1184 1296 Socrati
1212 1235 1294 1294 rdtro
1312 1231 1456 1309 largitur,

371 1340 502 1404 sublatis
532 1356 637 1399 rerum
664 1337 745 1399 ideis
771 1338 995 1420 acgeneribus
1025 1338 1117 1399 etiam
1147 1356 1270 1397 omnem
1299 1334 1456 1395 sublatum

370 1443 411 1512 iri
433 1441 608 1503 disserendi
629 1449 727 1503 artem
739 1442 1012 1520 numerationem,
1035 1442 1170 1520 ideoque
1189 1437 1367 1518 philosophi
1386 1455 1456 1496 csse

372 1547 517 1611 subtilius
546 1545 728 1622 anquirere,
767 1545 923 1625 quomodo
953 1545 1093 1607 idearum
1121 1544 1261 1603 doctriua
1290 1538 1457 1600 srrstcutari

371 1650 481 1731 possit.
523 1648 593 1709 lioc
613 1654 721 1735 autem·
740 1651 783 1710 ait
804 1649 848 1709 ita
869 1655 987 1709 tanturm
1009 1648 1182 1726 perlectum
1205 1646 1261 1719 iri,
1283 1645 1312 1706 si
1325 1662 1375 1703 ars
1391 1642 1456 1701 dia-

372 1753 482 1816 lectica
502 1756 592 1812 mute
614 1751 847 1831 prudenterque
869 1754 908 1813 ad
932 1771 999 1813 eam
1022 1751 1181 1813 doctrinae
1202 1756 1323 1829 partem
1345 1745 1455 1809 sedulo

373 1853 642 1937 pervestigandam
664 1854 859 1915 adhibentur.

456 1959 542 2021 llaec
575 1957 672 2036 igitur
698 1955 898 2017 Parmenides
925 1956 966 2017 de
998 1957 1138 2017 idearum
1166 1955 1316 2017 doctrina.
1371 1954 1457 2030 Quae

373 2060 654 2143 contemplantibus
667 2060 757 2121 nobis
771 2067 975 2138 nectareisque
989 2060 1253 2139 perpendentibus
1272 2061 1333 2119 duo
1350 2057 1458 2116 viden-

373 2173 425 2227 tur
447 2162 627 2245 diligentius
650 2163 755 2241 quaeri
784 2168 948 2242 oportere,
982 2164 1115 2241 primum
1138 2164 1280 2242 quidem,
1309 2178 1457 2239 quorsiun

373 2282 481 2327 omnes
507 2264 567 2324 bne
596 2266 807 2338 dubitationes
834 2267 1010 2345 pertineant
1045 2274 1078 2327 et
1105 2286 1161 2327 eur
1187 2287 1204 2326 a
1232 2266 1361 2326 Platone
1395 2279 1457 2321 non

372 2374 493 2433 tantum
523 2374 799 2443 commemoratae,
827 2366 884 2429 sed
905 2369 1037 2429 maximo
1066 2371 1206 2430 acumine
1228 2369 1397 2449 explicatae
1425 2372 1458 2424 et

373 2470 546 2532 illustratae
568 2471 648 2543 aint3
677 2471 806 2546 deinde,
828 2470 854 2532 si
877 2470 1000 2549 quidem
1013 2491 1074 2533 uon
1091 2479 1208 2533 temere
1222 2472 1284 2532 siut
1297 2471 1456 2543 confictae,

374 2593 391 2633 a
414 2574 596 2653 quibusnam
630 2593 686 2635 eae
707 2581 810 2635 motae
832 2592 901 2635 esse
923 2577 1027 2654 putari
1049 2575 1182 2635 debeant
1205 2581 1237 2634 et
1258 2583 1366 2635 contra
1387 2574 1457 2634 Pla-

373 2685 479 2738 tonem
500 2677 532 2739 in
554 2672 691 2737 medium
711 2678 833 2740 allatae.
876 2678 1018 2739 Alterum
1041 2699 1078 2740 ex
1101 2678 1169 2758 ipso
1191 2677 1343 2738 sermonis
1365 2697 1456 2756 argu-

373 2787 478 2841 mento
502 2780 562 2841 erit
584 2781 849 2859 cognoscendum
875 2783 1009 2844 alterum
1032 2800 1091 2861 ope
1107 2782 1257 2844 historiae
1274 2781 1306 2842 in
1326 2781 1457 2842 clariore

373 2884 444 2944 luce
465 2883 653 2962 ponendum.

460 2986 632 3047 Permirmn
655 2993 758 3048 autem
781 2988 881 3067 primo
905 2994 990 3049 certe
1013 2987 1162 3067 adspectu
1190 2989 1309 3048 accidat
1331 3006 1459 3048 neeesse

374 3093 440 3164 est,
464 3089 547 3166 quod
568 3089 769 3150 Parmenides
790 3108 808 3149 a
831 3088 961 3149 Platone
987 3090 1032 3148 ita
1061 3088 1216 3147 disserens
1239 3090 1457 3162 introducitur,

373 3198 409 3253 ut
435 3192 527 3252 huius
554 3191 651 3270 ipsius
680 3191 849 3271 doctrinam
886 3191 1075 3270 gravissimis
1103 3190 1346 3252 dubitatiflibus
1374 3192 1459 3251 labe-

374 3294 473 3355 factet
495 3302 587 3372 atque
608 3294 741 3368 talibus,
764 3313 840 3373 quas
862 3314 919 3354 nee
941 3295 1078 3355 Socratis
1101 3313 1227 3356 acumen
1245 3295 1365 3354 diluere
1386 3315 1459 3375 pos-

348 3400 424 3459 'sit
468 3397 566 3457 Neruo
589 3398 671 3456 enim
698 3399 730 3457 iu
752 3405 851 3459 semet
879 3398 980 3478 ipsum
1009 3399 1088 3458 adeo
1118 3405 1165 3459 est
1193 3399 1390 3471 iuluimauus,
1425 3406 1460 3459 ut

375 3518 454 3578 quac
476 3501 542 3578 ipse
564 3499 742 3561 defenderit
763 3500 876 3579 placita
896 3521 933 3562 ac
961 3502 1102 3577 decreta,
1134 3522 1170 3563 ea
1200 3503 1270 3565 lusu
1291 3502 1458 3562 temerario

377 3623 413 3663 ac
434 3601 587 3681 petulanti
609 3602 708 3663 neritis
731 3604 911 3667 ratiunculis
940 3606 972 3666 in
1002 3607 1227 3668 dubitationem
1250 3607 1406 3667 adducere
1428 3612 1460 3665 et

376 3705 470 3768 ueluti
492 3724 602 3765 souare
624 3724 659 3764 ac
678 3707 863 3784 perturbare
880 3710 1003 3788 gestiat.
1048 3710 1164 3773 Verum
1182 3710 1263 3770 enim
1275 3729 1350 3770 uero
1365 3728 1459 3788 quau-

376 3809 488 3870 tumris
510 3808 571 3868 boe
593 3806 635 3866 sit
657 3807 828 3883 eiusmodi,
851 3819 885 3871 ut
907 3814 1061 3875 neminem
1084 3815 1255 3894 legentium
1278 3832 1337 3873 non
1361 3812 1461 3890 possit

377 3912 505 3973 multum
530 3908 706 3981 offendere3
732 3919 834 3972 tamen
858 3934 914 3976 eur
935 3917 979 3976 ita
998 3918 1036 3977 ab
1057 3927 1184 3978 arictore
1202 3917 1273 3976 libri
1286 3915 1459 3976 institutum

379 4015 434 4088 sit,
456 4031 494 4071 ex
516 4014 584 4092 ipss
603 4013 702 4074 totius
725 4016 839 4096 dialogi
863 4025 929 4077 arte
950 4026 1042 4099 atque
1062 4028 1186 4081 externa
1200 4020 1301 4080 forma
1313 4018 1460 4094 colligere

296 4172 301 4180 .
378 4117 460 4178 licet
504 4116 611 4194 Neque
629 4116 710 4176 enim
729 4126 846 4180 temere
859 4122 1003 4183 Socrates
1017 4124 1183 4184 admodum
1198 4120 1315 4183 iuvenis
1331 4123 1460 4196 loquens

379 4217 599 4290 introducitur,
623 4219 676 4297 qul
697 4220 728 4280 iu
752 4222 920 4285 dialecticis
943 4228 1078 4286 nondum
1102 4229 1176 4288 satis
1196 4225 1379 4286 exercitatus
1403 4231 1461 4286 est.

381 4320 488 4399 Qiralia
510 4318 614 4400 quiin
635 4322 773 4402 legendis
795 4326 932 4387 Platonis
956 4331 1079 4408 scriptis
1102 4330 1275 4409 negligunt,
1304 4327 1327 4386 ii
1349 4327 1462 4387 miran-

381 4421 454 4482 dum
476 4441 538 4483 non
560 4427 624 4495 est,
646 4424 673 4483 si
695 4424 727 4484 in
748 4428 855 4487 miultis
876 4430 1026 4491 haereant
1047 4438 1079 4492 et
1102 4432 1223 4493 consilii
1249 4431 1359 4510 inopes
1390 4432 1461 4505 sint,

381 4543 460 4600 quiae
482 4525 599 4602 siquis
614 4527 778 4607 diligentur
791 4532 936 4593 observet
950 4535 986 4593 ad
1002 4536 1214 4614 explicandum
1227 4534 1461 4612 liniidquaquaui

380 4625 442 4683 siut
465 4627 613 4690 difficilia.
659 4631 748 4709 Quod
772 4632 867 4712 igitur
890 4637 1036 4701 Socrates
1057 4637 1089 4697 in
1111 4637 1329 4701 hocscrmonc
1346 4636 1461 4698 iuvenis
