<?xml version="1.0" encoding="UTF-8"?>
<!DOCTYPE html PUBLIC "-//W3C//DTD XHTML 1.0 Transitional//EN"
    "http://www.w3.org/TR/xhtml1/DTD/xhtml1-transitional.dtd">
<html xmlns="http://www.w3.org/1999/xhtml" xml:lang="en" lang="en">
 <head>
  <title>
</title>
<meta http-equiv="Content-Type" content="text/html;charset=utf-8" />
  <meta name='ocr-system' content='tesseract 3.04.00' />
  <meta name='ocr-capabilities' content='ocr_page ocr_carea ocr_par ocr_line ocrx_word'/>
</head>
<body>
  <div class='ocr_page' id='page_1' title='image "./parmenidescumqu00platgoog_0126.png"; bbox 0 0 3775 5442; ppageno 0'>
   <div class='ocr_carea' id='block_1_1' title="bbox 478 629 1241 710">
    <p class='ocr_par' dir='ltr' id='par_1_1' title="bbox 478 629 1241 710">
     <span class='ocr_line' id='line_1_1' title="bbox 478 629 1241 710; baseline -0.013 -11"><span class='ocrx_word' id='word_1_1' title='bbox 478 636 521 699; x_wconf 77' lang='lat'><strong>64</strong></span> <span class='ocrx_word' id='word_1_2' title='bbox 803 632 889 692; x_wconf 75' lang='lat' dir='ltr'><strong>liber</strong></span> <span class='ocrx_word' id='word_1_3' title='bbox 910 633 1029 710; x_wconf 83' lang='lat' dir='ltr'><strong>primus.</strong></span> <span class='ocrx_word' id='word_1_4' title='bbox 1073 629 1172 691; x_wconf 85' lang='lat' dir='ltr'><strong>Sectio</strong></span> <span class='ocrx_word' id='word_1_5' title='bbox 1194 630 1241 691; x_wconf 80' lang='lat' dir='ltr'><strong>lv.</strong></span> 
     </span>
    </p>
   </div>
   <div class='ocr_carea' id='block_1_2' title="bbox 391 791 1627 4680">
    <p class='ocr_par' dir='ltr' id='par_1_2' title="bbox 391 791 1598 1505">
     <span class='ocr_line' id='line_1_2' title="bbox 391 791 1566 889; baseline -0.005 -22"><span class='ocrx_word' id='word_1_6' title='bbox 391 838 393 843; x_wconf 95' lang='lat'>·</span> <span class='ocrx_word' id='word_1_7' title='bbox 483 826 596 888; x_wconf 86' lang='grc' dir='ltr'><em>μενον,</em></span> <span class='ocrx_word' id='word_1_8' title='bbox 629 807 764 889; x_wconf 75' lang='grc' dir='ltr'><strong><em>παρέχει</em></strong></span> <span class='ocrx_word' id='word_1_9' title='bbox 794 811 866 876; x_wconf 73' lang='grc' dir='ltr'><em>τοῖς</em></span> <span class='ocrx_word' id='word_1_10' title='bbox 895 791 966 866; x_wconf 72' lang='grc' dir='ltr'><em>οὖσι</em></span> <span class='ocrx_word' id='word_1_11' title='bbox 998 799 1059 881; x_wconf 63' lang='grc' dir='ltr'><em>τιὶν</em></span> <span class='ocrx_word' id='word_1_12' title='bbox 1087 798 1253 885; x_wconf 74' lang='grc' dir='ltr'><em>ἀπειρίαν.</em></span> <span class='ocrx_word' id='word_1_13' title='bbox 1274 833 1318 847; x_wconf 91' lang='lat'><em>-</em></span> <span class='ocrx_word' id='word_1_14' title='bbox 1353 793 1501 863; x_wconf 86' lang='grc' dir='ltr'><em>Πλάτων</em></span> <span class='ocrx_word' id='word_1_15' title='bbox 1530 799 1566 863; x_wconf 79' lang='grc' dir='ltr'><strong>δὲ</strong></span> 
     </span>
     <span class='ocr_line' id='line_1_3' title="bbox 483 895 1565 988; baseline -0.003 -19"><span class='ocrx_word' id='word_1_16' title='bbox 483 903 555 971; x_wconf 78' lang='grc' dir='ltr'><strong>δύο</strong></span> <span class='ocrx_word' id='word_1_17' title='bbox 583 899 632 969; x_wconf 82' lang='grc' dir='ltr'><em>τά</em></span> <span class='ocrx_word' id='word_1_18' title='bbox 661 899 828 988; x_wconf 88' lang='grc' dir='ltr'><em>άπειρα,</em></span> <span class='ocrx_word' id='word_1_19' title='bbox 863 897 902 968; x_wconf 90' lang='grc' dir='ltr'><em>τὸ</em></span> <span class='ocrx_word' id='word_1_20' title='bbox 930 909 1017 987; x_wconf 80' lang='grc' dir='ltr'><em>μέγα</em></span> <span class='ocrx_word' id='word_1_21' title='bbox 1045 904 1102 968; x_wconf 82' lang='grc' dir='ltr'><em>καὶ</em></span> <span class='ocrx_word' id='word_1_22' title='bbox 1129 895 1169 965; x_wconf 87' lang='grc' dir='ltr'><em>τὸ</em></span> <span class='ocrx_word' id='word_1_23' title='bbox 1191 897 1320 987; x_wconf 82' lang='grc' dir='ltr'><em>μιαρόν.</em></span> <span class='ocrx_word' id='word_1_24' title='bbox 1364 902 1442 966; x_wconf 89' lang='lat' dir='ltr'><strong>lbid.</strong></span> <span class='ocrx_word' id='word_1_25' title='bbox 1462 903 1513 965; x_wconf 88' lang='lat' dir='ltr'><strong>lll.</strong></span> <span class='ocrx_word' id='word_1_26' title='bbox 1535 905 1565 966; x_wconf 82' lang='lat' dir='ltr'><strong>o.</strong></span> 
     </span>
     <span class='ocr_line' id='line_1_4' title="bbox 483 997 1567 1091; baseline -0.004 -18"><span class='ocrx_word' id='word_1_27' title='bbox 483 1030 514 1091; x_wconf 92' lang='lat' dir='ltr'><strong>p.</strong></span> <span class='ocrx_word' id='word_1_28' title='bbox 527 1010 578 1073; x_wconf 75' lang='grc'><strong>56.</strong></span> <span class='ocrx_word' id='word_1_29' title='bbox 601 1009 668 1071; x_wconf 73' lang='grc' dir='ltr'><strong>ἐπεὶ</strong></span> <span class='ocrx_word' id='word_1_30' title='bbox 690 1008 747 1071; x_wconf 80' lang='grc' dir='ltr'><em>καὶ</em></span> <span class='ocrx_word' id='word_1_31' title='bbox 768 1002 917 1071; x_wconf 80' lang='grc' dir='ltr'><em>Πλάτων</em></span> <span class='ocrx_word' id='word_1_32' title='bbox 939 997 995 1067; x_wconf 76' lang='grc' dir='ltr'><strong>διά</strong></span> <span class='ocrx_word' id='word_1_33' title='bbox 1018 1009 1118 1069; x_wconf 79' lang='grc' dir='ltr'><em>τοῦτο</em></span> <span class='ocrx_word' id='word_1_34' title='bbox 1141 997 1293 1087; x_wconf 88' lang='grc' dir='ltr'><em>άπειρα</em></span> <span class='ocrx_word' id='word_1_35' title='bbox 1315 1000 1390 1069; x_wconf 83' lang='grc' dir='ltr'><em>δυὀ·</em></span> <span class='ocrx_word' id='word_1_36' title='bbox 1407 1007 1567 1088; x_wconf 74' lang='grc' dir='ltr'><em>ἐποίησεν,</em></span> 
     </span>
     <span class='ocr_line' id='line_1_5' title="bbox 484 1099 1568 1191; baseline -0.005 -15"><span class='ocrx_word' id='word_1_37' title='bbox 484 1108 539 1177; x_wconf 84' lang='grc' dir='ltr'><em>ὅτι</em></span> <span class='ocrx_word' id='word_1_38' title='bbox 568 1113 625 1176; x_wconf 82' lang='grc' dir='ltr'><em>καὶ</em></span> <span class='ocrx_word' id='word_1_39' title='bbox 658 1111 711 1173; x_wconf 77' lang='grc' dir='ltr'><strong>ἐπὶ</strong></span> <span class='ocrx_word' id='word_1_40' title='bbox 732 1102 794 1187; x_wconf 64' lang='grc' dir='ltr'><em>τὴν</em></span> <span class='ocrx_word' id='word_1_41' title='bbox 816 1103 957 1186; x_wconf 70' lang='grc' dir='ltr'><em>αὔξησιν</em></span> <span class='ocrx_word' id='word_1_42' title='bbox 979 1107 1068 1171; x_wconf 80' lang='grc' dir='ltr'><em>δοκεῖ</em></span> <span class='ocrx_word' id='word_1_43' title='bbox 1090 1101 1309 1191; x_wconf 77' lang='grc' dir='ltr'><em>ὑπερβάλλειν</em></span> <span class='ocrx_word' id='word_1_44' title='bbox 1332 1109 1386 1170; x_wconf 68' lang='grc' dir='ltr'><strong>καὶ</strong></span> <span class='ocrx_word' id='word_1_45' title='bbox 1410 1111 1454 1181; x_wconf 76' lang='grc' dir='ltr'><strong>εὶς</strong></span> <span class='ocrx_word' id='word_1_46' title='bbox 1476 1099 1568 1171; x_wconf 85' lang='grc' dir='ltr'><em>ἀπει-</em></span> 
     </span>
     <span class='ocr_line' id='line_1_6' title="bbox 485 1203 1570 1298; baseline -0.005 -20"><span class='ocrx_word' id='word_1_47' title='bbox 485 1235 546 1298; x_wconf 91' lang='grc' dir='ltr'><strong>ρον</strong></span> <span class='ocrx_word' id='word_1_48' title='bbox 568 1216 666 1285; x_wconf 74' lang='grc' dir='ltr'><em>ἱέναι,</em></span> <span class='ocrx_word' id='word_1_49' title='bbox 688 1212 745 1275; x_wconf 85' lang='grc' dir='ltr'><em>καὶ</em></span> <span class='ocrx_word' id='word_1_50' title='bbox 766 1213 818 1277; x_wconf 74' lang='grc' dir='ltr'><strong>ἐπὶ</strong></span> <span class='ocrx_word' id='word_1_51' title='bbox 840 1203 903 1287; x_wconf 66' lang='grc' dir='ltr'><em>τὴν</em></span> <span class='ocrx_word' id='word_1_52' title='bbox 924 1209 1139 1295; x_wconf 71' lang='grc' dir='ltr'><strong><em>καθαίρεσιν.</em></strong></span> <span class='ocrx_word' id='word_1_53' title='bbox 1152 1231 1181 1273; x_wconf 82' lang='grc' dir='ltr'><strong>κ.</strong></span> <span class='ocrx_word' id='word_1_54' title='bbox 1195 1231 1224 1274; x_wconf 89' lang='grc' dir='ltr'><strong>τ.</strong></span> <span class='ocrx_word' id='word_1_55' title='bbox 1239 1208 1266 1272; x_wconf 90' lang='grc' dir='ltr'><strong>λ.</strong></span> <span class='ocrx_word' id='word_1_56' title='bbox 1312 1209 1375 1273; x_wconf 92' lang='lat' dir='ltr'><strong>Sed</strong></span> <span class='ocrx_word' id='word_1_57' title='bbox 1394 1212 1470 1273; x_wconf 77' lang='lat' dir='ltr'><strong>antis</strong></span> <span class='ocrx_word' id='word_1_58' title='bbox 1491 1212 1570 1273; x_wconf 82' lang='lat' dir='ltr'><strong>lmen</strong></span> 
     </span>
     <span class='ocr_line' id='line_1_7' title="bbox 485 1311 1569 1403; baseline -0.005 -24"><span class='ocrx_word' id='word_1_59' title='bbox 485 1315 623 1403; x_wconf 75' lang='lat' dir='ltr'><strong>deloco</strong></span> <span class='ocrx_word' id='word_1_60' title='bbox 650 1315 706 1376; x_wconf 93' lang='lat' dir='ltr'><strong>illo</strong></span> <span class='ocrx_word' id='word_1_61' title='bbox 733 1313 1029 1394; x_wconf 75' lang='lat' dir='ltr'><strong>Metsplrpslcorum.</strong></span> <span class='ocrx_word' id='word_1_62' title='bbox 1079 1311 1170 1393; x_wconf 81' lang='lat' dir='ltr'><strong>Quod</strong></span> <span class='ocrx_word' id='word_1_63' title='bbox 1199 1331 1274 1374; x_wconf 80' lang='lat' dir='ltr'><strong>sero</strong></span> <span class='ocrx_word' id='word_1_64' title='bbox 1301 1313 1347 1375; x_wconf 85' lang='lat' dir='ltr'><strong>ibi</strong></span> <span class='ocrx_word' id='word_1_65' title='bbox 1367 1313 1491 1376; x_wconf 81' lang='lat' dir='ltr'><strong>Platoni</strong></span> <span class='ocrx_word' id='word_1_66' title='bbox 1511 1315 1569 1375; x_wconf 83' lang='lat' dir='ltr'><strong>tri-</strong></span> 
     </span>
     <span class='ocr_line' id='line_1_8' title="bbox 485 1416 1598 1505; baseline -0.006 -21"><span class='ocrx_word' id='word_1_67' title='bbox 485 1421 593 1484; x_wconf 78' lang='lat' dir='ltr'><strong>buitur</strong></span> <span class='ocrx_word' id='word_1_68' title='bbox 613 1418 775 1499; x_wconf 86' lang='lat' dir='ltr'><strong>placitum,</strong></span> <span class='ocrx_word' id='word_1_69' title='bbox 796 1416 880 1478; x_wconf 93' lang='lat' dir='ltr'><strong>idem</strong></span> <span class='ocrx_word' id='word_1_70' title='bbox 895 1420 1020 1496; x_wconf 83' lang='lat' dir='ltr'><strong>practer</strong></span> <span class='ocrx_word' id='word_1_71' title='bbox 1035 1416 1114 1479; x_wconf 88' lang='lat' dir='ltr'><strong>duos</strong></span> <span class='ocrx_word' id='word_1_72' title='bbox 1125 1416 1213 1479; x_wconf 88' lang='lat' dir='ltr'><strong>locos</strong></span> <span class='ocrx_word' id='word_1_73' title='bbox 1226 1416 1426 1496; x_wconf 74' lang='lat' dir='ltr'><strong>Physicarum</strong></span> <span class='ocrx_word' id='word_1_74' title='bbox 1440 1416 1570 1479; x_wconf 82' lang='lat' dir='ltr'><strong>duscul-</strong></span> <span class='ocrx_word' id='word_1_75' title='bbox 1594 1494 1598 1505; x_wconf 29' lang='grc' dir='ltr'><strong><em>ι</em></strong></span> 
     </span>
    </p>

    <p class='ocr_par' dir='ltr' id='par_1_3' title="bbox 403 1517 1612 3137">
     <span class='ocr_line' id='line_1_9' title="bbox 403 1517 1570 1600; baseline -0.003 -15"><span class='ocrx_word' id='word_1_76' title='bbox 403 1519 414 1533; x_wconf 75' lang='grc'><em>“</em></span> <span class='ocrx_word' id='word_1_77' title='bbox 485 1524 656 1596; x_wconf 88' lang='lat' dir='ltr'><strong>tstionum,</strong></span> <span class='ocrx_word' id='word_1_78' title='bbox 679 1538 757 1598; x_wconf 88' lang='lat' dir='ltr'><strong>quos</strong></span> <span class='ocrx_word' id='word_1_79' title='bbox 779 1519 872 1581; x_wconf 88' lang='lat' dir='ltr'><strong>modo</strong></span> <span class='ocrx_word' id='word_1_80' title='bbox 893 1517 1108 1599; x_wconf 67' lang='lat' dir='ltr'><strong>ascripsimus,</strong></span> <span class='ocrx_word' id='word_1_81' title='bbox 1130 1519 1285 1599; x_wconf 73' lang='lat' dir='ltr'><strong>attingunt</strong></span> <span class='ocrx_word' id='word_1_82' title='bbox 1305 1519 1398 1581; x_wconf 88' lang='lat' dir='ltr'><strong>etiam</strong></span> <span class='ocrx_word' id='word_1_83' title='bbox 1410 1518 1570 1600; x_wconf 76' lang='lat' dir='ltr'><strong>illaPlsps.</strong></span> 
     </span>
     <span class='ocr_line' id='line_1_10' title="bbox 486 1620 1571 1703; baseline -0.006 -15"><span class='ocrx_word' id='word_1_84' title='bbox 486 1626 580 1689; x_wconf 81' lang='lat' dir='ltr'><strong>Auso.</strong></span> <span class='ocrx_word' id='word_1_85' title='bbox 601 1623 624 1684; x_wconf 92' lang='lat' dir='ltr'><strong>l.</strong></span> <span class='ocrx_word' id='word_1_86' title='bbox 647 1623 677 1685; x_wconf 82' lang='lat'><strong>4.</strong></span> <span class='ocrx_word' id='word_1_87' title='bbox 700 1642 730 1702; x_wconf 89' lang='lat' dir='ltr'><strong>p.</strong></span> <span class='ocrx_word' id='word_1_88' title='bbox 751 1620 802 1682; x_wconf 88' lang='lat'><strong>11.</strong></span> <span class='ocrx_word' id='word_1_89' title='bbox 837 1620 913 1682; x_wconf 77' lang='lat' dir='ltr'><strong>lu.</strong></span> <span class='ocrx_word' id='word_1_90' title='bbox 948 1621 1085 1684; x_wconf 81' lang='lat' dir='ltr'><strong>lll.4.ii.</strong></span> <span class='ocrx_word' id='word_1_91' title='bbox 1111 1620 1164 1684; x_wconf 89' lang='lat' dir='ltr'><strong>1v.</strong></span> <span class='ocrx_word' id='word_1_92' title='bbox 1179 1623 1210 1682; x_wconf 81' lang='lat'><strong>2.</strong></span> <span class='ocrx_word' id='word_1_93' title='bbox 1232 1641 1262 1703; x_wconf 91' lang='lat' dir='ltr'><strong>p.</strong></span> <span class='ocrx_word' id='word_1_94' title='bbox 1279 1621 1330 1683; x_wconf 76' lang='lat' dir='ltr'><strong>oti.</strong></span> <span class='ocrx_word' id='word_1_95' title='bbox 1353 1621 1404 1683; x_wconf 90' lang='lat' dir='ltr'><strong>ed.</strong></span> <span class='ocrx_word' id='word_1_96' title='bbox 1424 1621 1511 1702; x_wconf 77' lang='lat' dir='ltr'><strong>Sylb.</strong></span> <span class='ocrx_word' id='word_1_97' title='bbox 1533 1640 1571 1681; x_wconf 81' lang='lat' dir='ltr'><strong>cx</strong></span> 
     </span>
     <span class='ocr_line' id='line_1_11' title="bbox 488 1723 1572 1809; baseline -0.005 -21"><span class='ocrx_word' id='word_1_98' title='bbox 488 1727 600 1809; x_wconf 87' lang='lat' dir='ltr'><strong>quibus</strong></span> <span class='ocrx_word' id='word_1_99' title='bbox 622 1724 802 1787; x_wconf 85' lang='lat' dir='ltr'><strong>adscribere</strong></span> <span class='ocrx_word' id='word_1_100' title='bbox 823 1726 926 1804; x_wconf 87' lang='lat' dir='ltr'><strong>placet</strong></span> <span class='ocrx_word' id='word_1_101' title='bbox 946 1723 1000 1785; x_wconf 81' lang='lat' dir='ltr'><strong>illc</strong></span> <span class='ocrx_word' id='word_1_102' title='bbox 1021 1723 1094 1785; x_wconf 85' lang='lat' dir='ltr'><strong>libri</strong></span> <span class='ocrx_word' id='word_1_103' title='bbox 1114 1724 1165 1787; x_wconf 91' lang='lat' dir='ltr'><strong>lll.</strong></span> <span class='ocrx_word' id='word_1_104' title='bbox 1185 1745 1217 1804; x_wconf 89' lang='lat' dir='ltr'><strong>p.</strong></span> <span class='ocrx_word' id='word_1_105' title='bbox 1229 1723 1280 1786; x_wconf 81' lang='lat'><strong>48.</strong></span> <span class='ocrx_word' id='word_1_106' title='bbox 1310 1729 1421 1804; x_wconf 82' lang='lat' dir='ltr'><strong>utpote</strong></span> <span class='ocrx_word' id='word_1_107' title='bbox 1440 1724 1572 1784; x_wconf 70' lang='lat' dir='ltr'><strong>maxime</strong></span> 
     </span>
     <span class='ocr_line' id='line_1_12' title="bbox 487 1820 1570 1912; baseline -0.006 -20"><span class='ocrx_word' id='word_1_108' title='bbox 487 1829 659 1912; x_wconf 86' lang='lat' dir='ltr'><strong>perspicua.</strong></span> <span class='ocrx_word' id='word_1_109' title='bbox 702 1821 836 1902; x_wconf 70' lang='grc' dir='ltr'><em>Πάντες</em></span> <span class='ocrx_word' id='word_1_110' title='bbox 859 1822 942 1911; x_wconf 73' lang='grc' dir='ltr'><em>γάρ,</em></span> <span class='ocrx_word' id='word_1_111' title='bbox 974 1825 1091 1905; x_wconf 83' lang='lat' dir='ltr'><strong>inquit,</strong></span> <span class='ocrx_word' id='word_1_112' title='bbox 1120 1821 1194 1890; x_wconf 89' lang='grc' dir='ltr'><em>ὅσοι</em></span> <span class='ocrx_word' id='word_1_113' title='bbox 1222 1825 1357 1889; x_wconf 81' lang='grc' dir='ltr'><em>δοκοῦσι</em></span> <span class='ocrx_word' id='word_1_114' title='bbox 1389 1820 1570 1906; x_wconf 48' lang='grc' dir='ltr'><strong>ἀξιολόγου.Ι</strong></span> 
     </span>
     <span class='ocr_line' id='line_1_13' title="bbox 488 1922 1571 2021; baseline -0.005 -25"><span class='ocrx_word' id='word_1_115' title='bbox 488 1922 610 2021; x_wconf 77' lang='grc' dir='ltr'><em>ἧφθαι</em></span> <span class='ocrx_word' id='word_1_116' title='bbox 631 1931 691 2007; x_wconf 73' lang='grc' dir='ltr'><em>τῆς</em></span> <span class='ocrx_word' id='word_1_117' title='bbox 719 1924 879 2007; x_wconf 73' lang='grc' dir='ltr'><em>τοιαύτης</em></span> <span class='ocrx_word' id='word_1_118' title='bbox 902 1927 1123 2014; x_wconf 61' lang='lat' dir='ltr'><strong>palocopiam,</strong></span> <span class='ocrx_word' id='word_1_119' title='bbox 1156 1931 1354 2006; x_wconf 74' lang='grc' dir='ltr'><em>πεποίηνται</em></span> <span class='ocrx_word' id='word_1_120' title='bbox 1375 1922 1477 2009; x_wconf 87' lang='grc' dir='ltr'><em>λόγον</em></span> <span class='ocrx_word' id='word_1_121' title='bbox 1499 1949 1571 2014; x_wconf 84' lang='grc' dir='ltr'><em>περι</em></span> 
     </span>
     <span class='ocr_line' id='line_1_14' title="bbox 488 2023 1571 2115; baseline -0.002 -18"><span class='ocrx_word' id='word_1_122' title='bbox 488 2036 549 2097; x_wconf 87' lang='grc' dir='ltr'><em>τοῦ</em></span> <span class='ocrx_word' id='word_1_123' title='bbox 571 2027 727 2115; x_wconf 75' lang='grc' dir='ltr'><em>ἀπείρου,</em></span> <span class='ocrx_word' id='word_1_124' title='bbox 749 2031 805 2093; x_wconf 79' lang='grc' dir='ltr'><em>καὶ</em></span> <span class='ocrx_word' id='word_1_125' title='bbox 828 2025 954 2103; x_wconf 82' lang='grc' dir='ltr'><em>πάντες</em></span> <span class='ocrx_word' id='word_1_126' title='bbox 975 2025 1020 2104; x_wconf 81' lang='grc' dir='ltr'><strong>ἀς</strong></span> <span class='ocrx_word' id='word_1_127' title='bbox 1041 2025 1150 2115; x_wconf 76' lang='grc' dir='ltr'><em>ἀργήν</em></span> <span class='ocrx_word' id='word_1_128' title='bbox 1172 2051 1249 2094; x_wconf 88' lang='grc' dir='ltr'><em>τινα</em></span> <span class='ocrx_word' id='word_1_129' title='bbox 1271 2030 1409 2094; x_wconf 71' lang='grc' dir='ltr'><em>τιθέασι</em></span> <span class='ocrx_word' id='word_1_130' title='bbox 1431 2032 1498 2093; x_wconf 79' lang='grc' dir='ltr'><em>τῶν</em></span> <span class='ocrx_word' id='word_1_131' title='bbox 1520 2023 1571 2095; x_wconf 80' lang='grc' dir='ltr'><strong>άν-</strong></span> 
     </span>
     <span class='ocr_line' id='line_1_15' title="bbox 489 2125 1570 2219; baseline -0.005 -21"><span class='ocrx_word' id='word_1_132' title='bbox 489 2151 574 2198; x_wconf 85' lang='grc' dir='ltr'><em>των·</em></span> <span class='ocrx_word' id='word_1_133' title='bbox 610 2135 641 2196; x_wconf 81' lang='grc' dir='ltr'><strong>οἱ</strong></span> <span class='ocrx_word' id='word_1_134' title='bbox 669 2138 746 2214; x_wconf 82' lang='grc' dir='ltr'><em>μέν,</em></span> <span class='ocrx_word' id='word_1_135' title='bbox 774 2125 880 2215; x_wconf 78' lang='grc' dir='ltr'><em>άςπερ</em></span> <span class='ocrx_word' id='word_1_136' title='bbox 910 2133 942 2193; x_wconf 83' lang='grc' dir='ltr'><strong>οἱ</strong></span> <span class='ocrx_word' id='word_1_137' title='bbox 966 2127 1201 2219; x_wconf 74' lang='grc' dir='ltr'><em>Πυθαγόρειοι</em></span> <span class='ocrx_word' id='word_1_138' title='bbox 1225 2133 1285 2195; x_wconf 82' lang='grc' dir='ltr'><em>καὶ·</em></span> <span class='ocrx_word' id='word_1_139' title='bbox 1303 2126 1464 2207; x_wconf 88' lang='grc' dir='ltr'><em>ΙΙλάτοιν,</em></span> <span class='ocrx_word' id='word_1_140' title='bbox 1486 2136 1570 2194; x_wconf 63' lang='grc' dir='ltr'><em>καθ’</em></span> 
     </span>
     <span class='ocr_line' id='line_1_16' title="bbox 490 2226 1572 2320; baseline -0.002 -21"><span class='ocrx_word' id='word_1_141' title='bbox 490 2229 589 2308; x_wconf 85' lang='grc' dir='ltr'><em>αὑτά,</em></span> <span class='ocrx_word' id='word_1_142' title='bbox 611 2231 672 2317; x_wconf 78' lang='grc' dir='ltr'><strong>οὐχ</strong></span> <span class='ocrx_word' id='word_1_143' title='bbox 694 2231 738 2308; x_wconf 77' lang='grc' dir='ltr'><strong>ὠς</strong></span> <span class='ocrx_word' id='word_1_144' title='bbox 762 2226 974 2315; x_wconf 70' lang='grc' dir='ltr'><em>συμβεβηκός</em></span> <span class='ocrx_word' id='word_1_145' title='bbox 995 2254 1058 2299; x_wconf 86' lang='grc' dir='ltr'><em>τι-νι</em></span> <span class='ocrx_word' id='word_1_146' title='bbox 1073 2238 1187 2320; x_wconf 74' lang='grc' dir='ltr'><em>ἑτέρῳ,</em></span> <span class='ocrx_word' id='word_1_147' title='bbox 1212 2231 1282 2297; x_wconf 73' lang='grc' dir='ltr'><em>ἀλλ’</em></span> <span class='ocrx_word' id='word_1_148' title='bbox 1299 2231 1344 2308; x_wconf 79' lang='grc' dir='ltr'><strong>ἀς</strong></span> <span class='ocrx_word' id='word_1_149' title='bbox 1358 2231 1475 2298; x_wconf 69' lang='grc' dir='ltr'><em>οὐσίαν</em></span> <span class='ocrx_word' id='word_1_150' title='bbox 1488 2231 1572 2299; x_wconf 79' lang='grc' dir='ltr'><em>αὐτὸ</em></span> 
     </span>
     <span class='ocr_line' id='line_1_17' title="bbox 490 2327 1573 2421; baseline 0 -21"><span class='ocrx_word' id='word_1_151' title='bbox 490 2328 532 2400; x_wconf 77' lang='grc' dir='ltr'><strong>ἀν</strong></span> <span class='ocrx_word' id='word_1_152' title='bbox 554 2329 593 2398; x_wconf 85' lang='grc' dir='ltr'><em>τὸ</em></span> <span class='ocrx_word' id='word_1_153' title='bbox 617 2329 765 2420; x_wconf 78' lang='grc' dir='ltr'><em>ἄπειρον.</em></span> <span class='ocrx_word' id='word_1_154' title='bbox 797 2327 885 2413; x_wconf 73' lang='grc' dir='ltr'><em>πλὴν</em></span> <span class='ocrx_word' id='word_1_155' title='bbox 906 2336 937 2397; x_wconf 88' lang='grc' dir='ltr'><em>αι’</em></span> <span class='ocrx_word' id='word_1_156' title='bbox 960 2335 1019 2416; x_wconf 81' lang='grc' dir='ltr'><strong>μὲν</strong></span> <span class='ocrx_word' id='word_1_157' title='bbox 1042 2331 1277 2421; x_wconf 73' lang='grc' dir='ltr'><em>Πυθαγόρειοι</em></span> <span class='ocrx_word' id='word_1_158' title='bbox 1301 2341 1336 2400; x_wconf 71' lang='grc' dir='ltr'><strong>ἐν</strong></span> <span class='ocrx_word' id='word_1_159' title='bbox 1358 2345 1429 2411; x_wconf 76' lang='grc' dir='ltr'><em>τοῖς</em></span> <span class='ocrx_word' id='word_1_160' title='bbox 1451 2338 1573 2415; x_wconf 63' lang='grc' dir='ltr'><em>αἰσθη-</em></span> 
     </span>
     <span class='ocr_line' id='line_1_18' title="bbox 490 2427 1574 2522; baseline 0.004 -21"><span class='ocrx_word' id='word_1_161' title='bbox 490 2447 577 2511; x_wconf 78' lang='grc' dir='ltr'><em>τοῖς·</em></span> <span class='ocrx_word' id='word_1_162' title='bbox 613 2434 651 2501; x_wconf 78' lang='grc' dir='ltr'><strong>οὐ</strong></span> <span class='ocrx_word' id='word_1_163' title='bbox 680 2430 746 2520; x_wconf 87' lang='grc' dir='ltr'><strong>γάρ</strong></span> <span class='ocrx_word' id='word_1_164' title='bbox 766 2427 932 2521; x_wconf 82' lang='grc' dir='ltr'><em>χωριστὸν</em></span> <span class='ocrx_word' id='word_1_165' title='bbox 954 2443 1088 2503; x_wconf 81' lang='grc' dir='ltr'><em>ποιοῦσι</em></span> <span class='ocrx_word' id='word_1_166' title='bbox 1117 2431 1177 2504; x_wconf 84' lang='grc' dir='ltr'><em>τὸν</em></span> <span class='ocrx_word' id='word_1_167' title='bbox 1208 2433 1378 2522; x_wconf 79' lang='grc' dir='ltr'><em>ἀριθμόν,</em></span> <span class='ocrx_word' id='word_1_168' title='bbox 1412 2441 1469 2503; x_wconf 83' lang='grc' dir='ltr'><em>καὶ</em></span> <span class='ocrx_word' id='word_1_169' title='bbox 1491 2436 1574 2505; x_wconf 83' lang='grc' dir='ltr'><em>εἶναι</em></span> 
     </span>
     <span class='ocr_line' id='line_1_19' title="bbox 491 2531 1574 2627; baseline 0.005 -25"><span class='ocrx_word' id='word_1_170' title='bbox 491 2539 525 2602; x_wconf 78' lang='grc' dir='ltr'><strong>δὲ</strong></span> <span class='ocrx_word' id='word_1_171' title='bbox 549 2532 588 2601; x_wconf 87' lang='grc' dir='ltr'><em>τὸ</em></span> <span class='ocrx_word' id='word_1_172' title='bbox 610 2536 669 2616; x_wconf 81' lang='grc' dir='ltr'><strong>ἔξω</strong></span> <span class='ocrx_word' id='word_1_173' title='bbox 691 2540 752 2602; x_wconf 86' lang='grc' dir='ltr'><em>τοῦ</em></span> <span class='ocrx_word' id='word_1_174' title='bbox 774 2533 919 2619; x_wconf 80' lang='grc' dir='ltr'><em>οὐρανοῦ</em></span> <span class='ocrx_word' id='word_1_175' title='bbox 942 2531 1089 2627; x_wconf 86' lang='grc' dir='ltr'><em>άπειρον.</em></span> <span class='ocrx_word' id='word_1_176' title='bbox 1134 2542 1301 2623; x_wconf 70' lang='lat' dir='ltr'><strong>(lntclligit</strong></span> <span class='ocrx_word' id='word_1_177' title='bbox 1320 2541 1403 2604; x_wconf 83' lang='lat' dir='ltr'><strong>lrsud</strong></span> <span class='ocrx_word' id='word_1_178' title='bbox 1418 2542 1515 2605; x_wconf 85' lang='lat' dir='ltr'><strong>dubie</strong></span> <span class='ocrx_word' id='word_1_179' title='bbox 1534 2536 1574 2607; x_wconf 83' lang='grc' dir='ltr'><em>τὸ</em></span> 
     </span>
     <span class='ocr_line' id='line_1_20' title="bbox 492 2637 1577 2722; baseline 0.003 -16"><span class='ocrx_word' id='word_1_180' title='bbox 492 2637 605 2718; x_wconf 81' lang='grc' dir='ltr'><em>κενόν,</em></span> <span class='ocrx_word' id='word_1_181' title='bbox 627 2641 711 2721; x_wconf 88' lang='lat' dir='ltr'><strong>quod</strong></span> <span class='ocrx_word' id='word_1_182' title='bbox 733 2640 922 2722; x_wconf 70' lang='lat' dir='ltr'><strong>Pythagorei</strong></span> <span class='ocrx_word' id='word_1_183' title='bbox 943 2643 984 2705; x_wconf 87' lang='lat' dir='ltr'><strong>ad</strong></span> <span class='ocrx_word' id='word_1_184' title='bbox 1004 2645 1159 2709; x_wconf 84' lang='lat' dir='ltr'><strong>inlinltrun</strong></span> <span class='ocrx_word' id='word_1_185' title='bbox 1180 2645 1384 2714; x_wconf 62' lang='grc' dir='ltr'><em>τελειοῦται).</em></span> <span class='ocrx_word' id='word_1_186' title='bbox 1427 2637 1577 2710; x_wconf 79' lang='grc' dir='ltr'><em>Πλάτων</em></span> 
     </span>
     <span class='ocr_line' id='line_1_21' title="bbox 492 2737 1575 2828; baseline 0.003 -22"><span class='ocrx_word' id='word_1_187' title='bbox 492 2743 527 2806; x_wconf 79' lang='grc' dir='ltr'><strong>δὲ</strong></span> <span class='ocrx_word' id='word_1_188' title='bbox 556 2740 614 2820; x_wconf 79' lang='grc' dir='ltr'><em>ἕξοι</em></span> <span class='ocrx_word' id='word_1_189' title='bbox 642 2742 702 2827; x_wconf 74' lang='grc' dir='ltr'><strong>μὲν</strong></span> <span class='ocrx_word' id='word_1_190' title='bbox 731 2737 826 2805; x_wconf 74' lang='grc' dir='ltr'><em>οὐδὲν</em></span> <span class='ocrx_word' id='word_1_191' title='bbox 855 2737 940 2807; x_wconf 82' lang='grc' dir='ltr'><em>εἶναι</em></span> <span class='ocrx_word' id='word_1_192' title='bbox 969 2748 1079 2828; x_wconf 83' lang='grc' dir='ltr'><em>σῶμα,</em></span> <span class='ocrx_word' id='word_1_193' title='bbox 1116 2743 1191 2811; x_wconf 77' lang='grc' dir='ltr'><em>οὐδὲ</em></span> <span class='ocrx_word' id='word_1_194' title='bbox 1220 2740 1281 2823; x_wconf 71' lang='lat' dir='ltr'><strong>ri,-</strong></span> <span class='ocrx_word' id='word_1_195' title='bbox 1312 2744 1416 2821; x_wconf 61' lang='lat' dir='ltr'><strong>ittae,</strong></span> <span class='ocrx_word' id='word_1_196' title='bbox 1446 2742 1503 2809; x_wconf 78' lang='grc' dir='ltr'><strong>διὰ</strong></span> <span class='ocrx_word' id='word_1_197' title='bbox 1535 2741 1575 2810; x_wconf 84' lang='grc' dir='ltr'><em>τὸ</em></span> 
     </span>
     <span class='ocr_line' id='line_1_22' title="bbox 493 2838 1575 2936; baseline 0.004 -28"><span class='ocrx_word' id='word_1_198' title='bbox 493 2843 643 2927; x_wconf 75' lang='grc' dir='ltr'><em>μηδέπου</em></span> <span class='ocrx_word' id='word_1_199' title='bbox 666 2840 751 2910; x_wconf 85' lang='grc' dir='ltr'><em>εἶναι</em></span> <span class='ocrx_word' id='word_1_200' title='bbox 773 2839 895 2919; x_wconf 81' lang='grc' dir='ltr'><em>αὐτάς·</em></span> <span class='ocrx_word' id='word_1_201' title='bbox 928 2838 968 2908; x_wconf 84' lang='grc' dir='ltr'><em>τὸ</em></span> <span class='ocrx_word' id='word_1_202' title='bbox 989 2853 1103 2930; x_wconf 80' lang='grc' dir='ltr'><em>μέντοι</em></span> <span class='ocrx_word' id='word_1_203' title='bbox 1126 2840 1265 2936; x_wconf 86' lang='grc' dir='ltr'><em>άπειρον</em></span> <span class='ocrx_word' id='word_1_204' title='bbox 1294 2850 1350 2914; x_wconf 79' lang='grc' dir='ltr'><em>καὶ</em></span> <span class='ocrx_word' id='word_1_205' title='bbox 1378 2852 1413 2912; x_wconf 78' lang='grc' dir='ltr'><strong>ὲν</strong></span> <span class='ocrx_word' id='word_1_206' title='bbox 1436 2858 1506 2923; x_wconf 76' lang='grc' dir='ltr'><em>τοῖς</em></span> <span class='ocrx_word' id='word_1_207' title='bbox 1528 2853 1575 2912; x_wconf 73' lang='grc' dir='ltr'><em>αἱ·</em></span> 
     </span>
     <span class='ocr_line' id='line_1_23' title="bbox 494 2944 1612 3031; baseline 0.009 -24"><span class='ocrx_word' id='word_1_208' title='bbox 494 2945 641 3027; x_wconf 78' lang='grc' dir='ltr'><em>σθρτοῖς</em></span> <span class='ocrx_word' id='word_1_209' title='bbox 669 2948 726 3011; x_wconf 84' lang='grc' dir='ltr'><em>καὶ</em></span> <span class='ocrx_word' id='word_1_210' title='bbox 753 2950 788 3012; x_wconf 82' lang='grc' dir='ltr'><strong>ὲν</strong></span> <span class='ocrx_word' id='word_1_211' title='bbox 816 2949 952 3023; x_wconf 78' lang='grc' dir='ltr'><em>ἐκείνοις</em></span> <span class='ocrx_word' id='word_1_212' title='bbox 980 2957 1043 3031; x_wconf 86' lang='lat' dir='ltr'><strong>(sc.</strong></span> <span class='ocrx_word' id='word_1_213' title='bbox 1073 2959 1145 3026; x_wconf 74' lang='grc' dir='ltr'><em>τοῖς</em></span> <span class='ocrx_word' id='word_1_214' title='bbox 1174 2950 1313 3030; x_wconf 81' lang='grc' dir='ltr'><em>ἀὸεοιν)</em></span> <span class='ocrx_word' id='word_1_215' title='bbox 1335 2944 1434 3029; x_wconf 82' lang='grc' dir='ltr'><em>εἶναι,</em></span> <span class='ocrx_word' id='word_1_216' title='bbox 1463 2955 1575 3031; x_wconf 83' lang='lat' dir='ltr'><strong>quibus</strong></span> <span class='ocrx_word' id='word_1_217' title='bbox 1604 2980 1612 2991; x_wconf 95' lang='lat'><em>·</em></span> 
     </span>
     <span class='ocr_line' id='line_1_24' title="bbox 495 3047 1575 3137; baseline 0.008 -27"><span class='ocrx_word' id='word_1_218' title='bbox 495 3049 609 3113; x_wconf 91' lang='lat' dir='ltr'><strong>deinde</strong></span> <span class='ocrx_word' id='word_1_219' title='bbox 630 3069 739 3113; x_wconf 79' lang='lat' dir='ltr'><strong>rursum</strong></span> <span class='ocrx_word' id='word_1_220' title='bbox 761 3048 849 3110; x_wconf 87' lang='lat' dir='ltr'><strong>sddit</strong></span> <span class='ocrx_word' id='word_1_221' title='bbox 870 3051 993 3113; x_wconf 88' lang='lat' dir='ltr'><strong>Platoni</strong></span> <span class='ocrx_word' id='word_1_222' title='bbox 1014 3053 1169 3117; x_wconf 84' lang='lat' dir='ltr'><strong>inlinitum</strong></span> <span class='ocrx_word' id='word_1_223' title='bbox 1192 3056 1309 3118; x_wconf 91' lang='lat' dir='ltr'><strong>dictum</strong></span> <span class='ocrx_word' id='word_1_224' title='bbox 1331 3073 1403 3116; x_wconf 84' lang='lat' dir='ltr'><strong>esse</strong></span> <span class='ocrx_word' id='word_1_225' title='bbox 1428 3047 1469 3117; x_wconf 83' lang='grc' dir='ltr'><em>τὸ</em></span> <span class='ocrx_word' id='word_1_226' title='bbox 1488 3060 1575 3137; x_wconf 75' lang='grc' dir='ltr'><em>μέγα</em></span> 
     </span>
    </p>

    <p class='ocr_par' dir='ltr' id='par_1_4' title="bbox 469 3145 1627 4680">
     <span class='ocr_line' id='line_1_25' title="bbox 469 3145 1575 3241; baseline 0.008 -27"><span class='ocrx_word' id='word_1_227' title='bbox 469 3228 471 3232; x_wconf 85' lang='lat'>.</span> <span class='ocrx_word' id='word_1_228' title='bbox 495 3152 551 3214; x_wconf 85' lang='grc' dir='ltr'><em>καὶ</em></span> <span class='ocrx_word' id='word_1_229' title='bbox 574 3145 613 3214; x_wconf 81' lang='grc' dir='ltr'><em>τὸ</em></span> <span class='ocrx_word' id='word_1_230' title='bbox 635 3145 765 3235; x_wconf 88' lang='grc' dir='ltr'><em>μικρόν.</em></span> <span class='ocrx_word' id='word_1_231' title='bbox 808 3151 1008 3215; x_wconf 70' lang='lat' dir='ltr'><strong>Aristotelem</strong></span> <span class='ocrx_word' id='word_1_232' title='bbox 1031 3155 1122 3217; x_wconf 83' lang='lat' dir='ltr'><strong>ctiam</strong></span> <span class='ocrx_word' id='word_1_233' title='bbox 1145 3158 1176 3219; x_wconf 91' lang='lat' dir='ltr'><strong>in</strong></span> <span class='ocrx_word' id='word_1_234' title='bbox 1199 3158 1370 3236; x_wconf 78' lang='lat' dir='ltr'><strong>deperditis</strong></span> <span class='ocrx_word' id='word_1_235' title='bbox 1394 3158 1482 3220; x_wconf 86' lang='lat' dir='ltr'><strong>libris</strong></span> <span class='ocrx_word' id='word_1_236' title='bbox 1502 3162 1575 3241; x_wconf 81' lang='grc' dir='ltr'><em>περὶ</em></span> 
     </span>
     <span class='ocr_line' id='line_1_26' title="bbox 495 3248 1577 3341; baseline 0.01 -28"><span class='ocrx_word' id='word_1_237' title='bbox 495 3248 658 3334; x_wconf 61' lang='grc' dir='ltr'><em>τάγαθοῦ</em></span> <span class='ocrx_word' id='word_1_238' title='bbox 681 3253 722 3315; x_wconf 93' lang='lat' dir='ltr'><strong>de</strong></span> <span class='ocrx_word' id='word_1_239' title='bbox 741 3251 860 3314; x_wconf 86' lang='lat' dir='ltr'><strong>inlinits</strong></span> <span class='ocrx_word' id='word_1_240' title='bbox 882 3255 983 3336; x_wconf 80' lang='lat' dir='ltr'><strong>dyade</strong></span> <span class='ocrx_word' id='word_1_241' title='bbox 1004 3259 1142 3321; x_wconf 80' lang='lat' dir='ltr'><strong>Plutonis</strong></span> <span class='ocrx_word' id='word_1_242' title='bbox 1162 3267 1308 3341; x_wconf 84' lang='lat' dir='ltr'><strong>tansrsm</strong></span> <span class='ocrx_word' id='word_1_243' title='bbox 1337 3281 1441 3324; x_wconf 87' lang='lat' dir='ltr'><strong>rerum</strong></span> <span class='ocrx_word' id='word_1_244' title='bbox 1467 3267 1501 3324; x_wconf 86' lang='lat' dir='ltr'><strong>et</strong></span> <span class='ocrx_word' id='word_1_245' title='bbox 1521 3264 1577 3323; x_wconf 87' lang='lat' dir='ltr'><strong>ad·</strong></span> 
     </span>
     <span class='ocr_line' id='line_1_27' title="bbox 496 3340 1627 3442; baseline 0.01 -27"><span class='ocrx_word' id='word_1_246' title='bbox 496 3354 708 3434; x_wconf 87' lang='lat' dir='ltr'><strong>spectabilium</strong></span> <span class='ocrx_word' id='word_1_247' title='bbox 736 3360 769 3415; x_wconf 88' lang='lat' dir='ltr'><strong>et</strong></span> <span class='ocrx_word' id='word_1_248' title='bbox 797 3356 1007 3435; x_wconf 76' lang='lat' dir='ltr'><strong>cogitabilium</strong></span> <span class='ocrx_word' id='word_1_249' title='bbox 1033 3361 1186 3442; x_wconf 87' lang='lat' dir='ltr'><strong>principio</strong></span> <span class='ocrx_word' id='word_1_250' title='bbox 1214 3362 1434 3442; x_wconf 68' lang='lat' dir='ltr'><strong>disputavisse,</strong></span> <span class='ocrx_word' id='word_1_251' title='bbox 1467 3374 1576 3427; x_wconf 85' lang='lat' dir='ltr'><strong>auctor</strong></span> <span class='ocrx_word' id='word_1_252' title='bbox 1608 3340 1627 3376; x_wconf 26' lang='grc' dir='ltr'>κ</span> 
     </span>
     <span class='ocr_line' id='line_1_28' title="bbox 497 3455 1575 3543; baseline 0.012 -25"><span class='ocrx_word' id='word_1_253' title='bbox 497 3460 547 3518; x_wconf 87' lang='lat' dir='ltr'><strong>est</strong></span> <span class='ocrx_word' id='word_1_254' title='bbox 577 3455 751 3537; x_wconf 87' lang='lat' dir='ltr'><strong>Simplicius</strong></span> <span class='ocrx_word' id='word_1_255' title='bbox 777 3458 810 3520; x_wconf 91' lang='lat' dir='ltr'><strong>in</strong></span> <span class='ocrx_word' id='word_1_256' title='bbox 836 3459 933 3525; x_wconf 80' lang='lat' dir='ltr'><strong>Arist.</strong></span> <span class='ocrx_word' id='word_1_257' title='bbox 961 3461 1056 3543; x_wconf 77' lang='lat' dir='ltr'><strong>Phys.</strong></span> <span class='ocrx_word' id='word_1_258' title='bbox 1083 3463 1140 3527; x_wconf 81' lang='lat' dir='ltr'><strong>iol.</strong></span> <span class='ocrx_word' id='word_1_259' title='bbox 1163 3465 1235 3529; x_wconf 78' lang='lat' dir='ltr'><strong>lut.</strong></span> <span class='ocrx_word' id='word_1_260' title='bbox 1255 3466 1291 3531; x_wconf 86' lang='lat' dir='ltr'><strong>B.</strong></span> <span class='ocrx_word' id='word_1_261' title='bbox 1322 3468 1394 3529; x_wconf 88' lang='lat' dir='ltr'><strong>coll.</strong></span> <span class='ocrx_word' id='word_1_262' title='bbox 1421 3468 1478 3531; x_wconf 82' lang='lat' dir='ltr'><strong>iol.</strong></span> <span class='ocrx_word' id='word_1_263' title='bbox 1503 3468 1575 3531; x_wconf 80' lang='lat'>117.</span> 
     </span>
     <span class='ocr_line' id='line_1_29' title="bbox 498 3556 1576 3647; baseline 0.013 -28"><span class='ocrx_word' id='word_1_264' title='bbox 498 3563 532 3620; x_wconf 93' lang='lat' dir='ltr'><strong>et</strong></span> <span class='ocrx_word' id='word_1_265' title='bbox 552 3556 604 3618; x_wconf 75' lang='lat'><strong>82.</strong></span> <span class='ocrx_word' id='word_1_266' title='bbox 625 3557 660 3620; x_wconf 84' lang='lat' dir='ltr'><strong>li.</strong></span> <span class='ocrx_word' id='word_1_267' title='bbox 707 3559 777 3621; x_wconf 89' lang='lat' dir='ltr'><strong>lloc</strong></span> <span class='ocrx_word' id='word_1_268' title='bbox 805 3560 907 3643; x_wconf 89' lang='lat' dir='ltr'><strong>ipsum</strong></span> <span class='ocrx_word' id='word_1_269' title='bbox 934 3584 1025 3642; x_wconf 85' lang='lat' dir='ltr'><strong>vero,</strong></span> <span class='ocrx_word' id='word_1_270' title='bbox 1054 3566 1137 3646; x_wconf 84' lang='lat' dir='ltr'><strong>qnod</strong></span> <span class='ocrx_word' id='word_1_271' title='bbox 1159 3586 1197 3631; x_wconf 70' lang='lat' dir='ltr'><strong>cx</strong></span> <span class='ocrx_word' id='word_1_272' title='bbox 1216 3569 1389 3646; x_wconf 68' lang='lat' dir='ltr'><strong>Aristotele</strong></span> <span class='ocrx_word' id='word_1_273' title='bbox 1418 3570 1576 3647; x_wconf 61' lang='lat' dir='ltr'><strong>dleclmrrc</strong></span> 
     </span>
     <span class='ocr_line' id='line_1_30' title="bbox 498 3655 1578 3755; baseline 0.016 -35"><span class='ocrx_word' id='word_1_274' title='bbox 498 3660 659 3721; x_wconf 78' lang='lat' dir='ltr'><strong>Plutonem</strong></span> <span class='ocrx_word' id='word_1_275' title='bbox 685 3655 724 3724; x_wconf 83' lang='grc' dir='ltr'><em>τὸ</em></span> <span class='ocrx_word' id='word_1_276' title='bbox 753 3656 891 3751; x_wconf 88' lang='grc' dir='ltr'><em>ἀπαρον</em></span> <span class='ocrx_word' id='word_1_277' title='bbox 918 3667 1186 3752; x_wconf 72' lang='lat' dir='ltr'><strong>Pythagoreorum</strong></span> <span class='ocrx_word' id='word_1_278' title='bbox 1214 3672 1246 3735; x_wconf 89' lang='lat' dir='ltr'><strong>ln</strong></span> <span class='ocrx_word' id='word_1_279' title='bbox 1278 3672 1469 3755; x_wconf 70' lang='lat' dir='ltr'><strong>disciplinam</strong></span> <span class='ocrx_word' id='word_1_280' title='bbox 1490 3693 1578 3737; x_wconf 83' lang='lat' dir='ltr'><strong>susm</strong></span> 
     </span>
     <span class='ocr_line' id='line_1_31' title="bbox 500 3761 1578 3858; baseline 0.014 -36"><span class='ocrx_word' id='word_1_281' title='bbox 500 3761 657 3841; x_wconf 73' lang='lat' dir='ltr'><strong>recepisse</strong></span> <span class='ocrx_word' id='word_1_282' title='bbox 684 3771 777 3845; x_wconf 82' lang='lat' dir='ltr'><strong>atque</strong></span> <span class='ocrx_word' id='word_1_283' title='bbox 806 3770 865 3831; x_wconf 85' lang='grc' dir='ltr'><em>τοῦ</em></span> <span class='ocrx_word' id='word_1_284' title='bbox 893 3765 1038 3852; x_wconf 81' lang='grc' dir='ltr'><em>μεγάλου</em></span> <span class='ocrx_word' id='word_1_285' title='bbox 1067 3772 1124 3835; x_wconf 80' lang='grc' dir='ltr'><em>καὶ</em></span> <span class='ocrx_word' id='word_1_286' title='bbox 1152 3777 1212 3837; x_wconf 83' lang='grc' dir='ltr'><em>τοῦ</em></span> <span class='ocrx_word' id='word_1_287' title='bbox 1239 3779 1359 3858; x_wconf 71' lang='grc' dir='ltr'><em>μιαροῦ</em></span> <span class='ocrx_word' id='word_1_288' title='bbox 1388 3778 1510 3839; x_wconf 88' lang='lat' dir='ltr'><strong>nomine</strong></span> <span class='ocrx_word' id='word_1_289' title='bbox 1530 3779 1578 3837; x_wconf 90' lang='lat' dir='ltr'><strong>in-</strong></span> 
     </span>
     <span class='ocr_line' id='line_1_32' title="bbox 499 3864 1577 3960; baseline 0.014 -34"><span class='ocrx_word' id='word_1_290' title='bbox 499 3864 674 3945; x_wconf 69' lang='lat' dir='ltr'><strong>signione,</strong></span> <span class='ocrx_word' id='word_1_291' title='bbox 696 3866 813 3947; x_wconf 85' lang='lat' dir='ltr'><strong>llqrddo</strong></span> <span class='ocrx_word' id='word_1_292' title='bbox 836 3876 990 3933; x_wconf 73' lang='lat' dir='ltr'><strong>testentur</strong></span> <span class='ocrx_word' id='word_1_293' title='bbox 1011 3874 1104 3936; x_wconf 83' lang='lat' dir='ltr'><strong>etiam</strong></span> <span class='ocrx_word' id='word_1_294' title='bbox 1122 3875 1310 3957; x_wconf 83' lang='lat' dir='ltr'><strong>Simplicius,</strong></span> <span class='ocrx_word' id='word_1_295' title='bbox 1327 3880 1361 3940; x_wconf 89' lang='lat' dir='ltr'><strong>in</strong></span> <span class='ocrx_word' id='word_1_296' title='bbox 1372 3878 1465 3960; x_wconf 82' lang='lat' dir='ltr'><strong>l&#39;hys.</strong></span> <span class='ocrx_word' id='word_1_297' title='bbox 1480 3879 1577 3942; x_wconf 83' lang='lat' dir='ltr'><strong>Arist.</strong></span> 
     </span>
     <span class='ocr_line' id='line_1_33' title="bbox 498 3968 1577 4058; baseline 0.013 -28"><span class='ocrx_word' id='word_1_298' title='bbox 498 3968 657 4032; x_wconf 68' lang='lat' dir='ltr'><strong>cornert</strong></span> <span class='ocrx_word' id='word_1_299' title='bbox 679 3969 814 4035; x_wconf 76' lang='lat' dir='ltr'><strong>lolll&#39;i.</strong></span> <span class='ocrx_word' id='word_1_300' title='bbox 828 3974 883 4048; x_wconf 82' lang='lat' dir='ltr'><strong>al,</strong></span> <span class='ocrx_word' id='word_1_301' title='bbox 904 3976 1077 4040; x_wconf 73' lang='lat' dir='ltr'><strong>Alexander</strong></span> <span class='ocrx_word' id='word_1_302' title='bbox 1089 3979 1351 4058; x_wconf 81' lang='lat' dir='ltr'><strong>Aphrodisiensis,</strong></span> <span class='ocrx_word' id='word_1_303' title='bbox 1373 3980 1577 4056; x_wconf 78' lang='lat' dir='ltr'><strong>&#39;l‘lsemistlus,</strong></span> 
     </span>
     <span class='ocr_line' id='line_1_34' title="bbox 499 4070 1577 4163; baseline 0.014 -30"><span class='ocrx_word' id='word_1_304' title='bbox 499 4071 627 4133; x_wconf 86' lang='lat' dir='ltr'><strong>loannes</strong></span> <span class='ocrx_word' id='word_1_305' title='bbox 648 4070 855 4154; x_wconf 72' lang='lat' dir='ltr'><strong>conopeum,</strong></span> <span class='ocrx_word' id='word_1_306' title='bbox 875 4077 949 4154; x_wconf 88' lang='lat' dir='ltr'><strong>slii,</strong></span> <span class='ocrx_word' id='word_1_307' title='bbox 972 4098 1102 4159; x_wconf 84' lang='lat' dir='ltr'><strong>quorum</strong></span> <span class='ocrx_word' id='word_1_308' title='bbox 1125 4081 1311 4163; x_wconf 87' lang='lat' dir='ltr'><strong>scriptorum</strong></span> <span class='ocrx_word' id='word_1_309' title='bbox 1332 4085 1508 4147; x_wconf 87' lang='lat' dir='ltr'><strong>testimonia</strong></span> <span class='ocrx_word' id='word_1_310' title='bbox 1528 4084 1577 4147; x_wconf 93' lang='lat' dir='ltr'><strong>dl-</strong></span> 
     </span>
     <span class='ocr_line' id='line_1_35' title="bbox 498 4174 1578 4259; baseline 0.019 -25"><span class='ocrx_word' id='word_1_311' title='bbox 498 4174 632 4254; x_wconf 71' lang='lat' dir='ltr'><strong>ligentcr</strong></span> <span class='ocrx_word' id='word_1_312' title='bbox 659 4176 785 4259; x_wconf 72' lang='lat' dir='ltr'><strong>collegit</strong></span> <span class='ocrx_word' id='word_1_313' title='bbox 811 4179 992 4244; x_wconf 87' lang='lat' dir='ltr'><strong>llrsndlsius</strong></span> <span class='ocrx_word' id='word_1_314' title='bbox 1020 4183 1149 4248; x_wconf 81' lang='lat' dir='ltr'><strong>Distrih.</strong></span> <span class='ocrx_word' id='word_1_315' title='bbox 1181 4185 1223 4247; x_wconf 94' lang='lat' dir='ltr'><strong>da</strong></span> <span class='ocrx_word' id='word_1_316' title='bbox 1244 4185 1377 4249; x_wconf 82' lang='lat' dir='ltr'><strong>l’erditis</strong></span> <span class='ocrx_word' id='word_1_317' title='bbox 1397 4186 1578 4254; x_wconf 82' lang='lat' dir='ltr'><strong>Aristotelis</strong></span> 
     </span>
     <span class='ocr_line' id='line_1_36' title="bbox 498 4274 1578 4369; baseline 0.019 -35"><span class='ocrx_word' id='word_1_318' title='bbox 498 4274 600 4337; x_wconf 84' lang='lat' dir='ltr'><strong>Libris</strong></span> <span class='ocrx_word' id='word_1_319' title='bbox 623 4275 663 4337; x_wconf 87' lang='lat' dir='ltr'><strong>de</strong></span> <span class='ocrx_word' id='word_1_320' title='bbox 683 4276 769 4341; x_wconf 87' lang='lat' dir='ltr'><strong>Bono</strong></span> <span class='ocrx_word' id='word_1_321' title='bbox 792 4286 824 4340; x_wconf 91' lang='lat' dir='ltr'><strong>et</strong></span> <span class='ocrx_word' id='word_1_322' title='bbox 846 4281 927 4345; x_wconf 89' lang='lat' dir='ltr'><strong>ldeis</strong></span> <span class='ocrx_word' id='word_1_323' title='bbox 954 4304 985 4364; x_wconf 89' lang='lat' dir='ltr'><strong>p.</strong></span> <span class='ocrx_word' id='word_1_324' title='bbox 1000 4285 1042 4346; x_wconf 80' lang='lat'><strong>28</strong></span> <span class='ocrx_word' id='word_1_325' title='bbox 1056 4307 1123 4367; x_wconf 84' lang='lat' dir='ltr'><strong>sqq.</strong></span> <span class='ocrx_word' id='word_1_326' title='bbox 1151 4306 1333 4369; x_wconf 83' lang='lat' dir='ltr'><strong>spusmqncm</strong></span> <span class='ocrx_word' id='word_1_327' title='bbox 1361 4289 1396 4351; x_wconf 83' lang='lat' dir='ltr'><strong>lni</strong></span> <span class='ocrx_word' id='word_1_328' title='bbox 1422 4293 1578 4355; x_wconf 85' lang='lat' dir='ltr'><strong>recentio-</strong></span> 
     </span>
     <span class='ocr_line' id='line_1_37' title="bbox 498 4380 1577 4475; baseline 0.02 -40"><span class='ocrx_word' id='word_1_329' title='bbox 498 4395 567 4437; x_wconf 88' lang='lat' dir='ltr'><strong>rum</strong></span> <span class='ocrx_word' id='word_1_330' title='bbox 590 4397 677 4438; x_wconf 82' lang='lat' dir='ltr'><strong>ruore</strong></span> <span class='ocrx_word' id='word_1_331' title='bbox 691 4381 921 4447; x_wconf 83' lang='lat' dir='ltr'><strong>Platonicorum</strong></span> <span class='ocrx_word' id='word_1_332' title='bbox 943 4387 1012 4448; x_wconf 82' lang='lat' dir='ltr'><strong>iere</strong></span> <span class='ocrx_word' id='word_1_333' title='bbox 1034 4380 1096 4466; x_wconf 64' lang='grc' dir='ltr'><em>τὴν</em></span> <span class='ocrx_word' id='word_1_334' title='bbox 1118 4384 1276 4475; x_wconf 85' lang='grc' dir='ltr'><em>ἀόριστον</em></span> <span class='ocrx_word' id='word_1_335' title='bbox 1298 4384 1406 4453; x_wconf 76' lang='grc' dir='ltr'><em>δυάδα</em></span> <span class='ocrx_word' id='word_1_336' title='bbox 1427 4391 1577 4457; x_wconf 88' lang='lat' dir='ltr'><strong>inlocum</strong></span> 
     </span>
     <span class='ocr_line' id='line_1_38' title="bbox 498 4474 1577 4573; baseline 0.018 -37"><span class='ocrx_word' id='word_1_337' title='bbox 498 4478 557 4537; x_wconf 86' lang='grc' dir='ltr'><em>τοῦ</em></span> <span class='ocrx_word' id='word_1_338' title='bbox 583 4474 729 4559; x_wconf 85' lang='grc' dir='ltr'><em>μεγάλου</em></span> <span class='ocrx_word' id='word_1_339' title='bbox 757 4485 811 4546; x_wconf 83' lang='grc' dir='ltr'><em>καὶ</em></span> <span class='ocrx_word' id='word_1_340' title='bbox 840 4490 900 4548; x_wconf 84' lang='grc' dir='ltr'><em>τοῦ</em></span> <span class='ocrx_word' id='word_1_341' title='bbox 920 4491 1040 4573; x_wconf 85' lang='grc' dir='ltr'><em>μικροῦ</em></span> <span class='ocrx_word' id='word_1_342' title='bbox 1065 4491 1266 4555; x_wconf 84' lang='lat' dir='ltr'><strong>substituunt.</strong></span> <span class='ocrx_word' id='word_1_343' title='bbox 1315 4493 1469 4572; x_wconf 81' lang='lat' dir='ltr'><strong>Quocirca</strong></span> <span class='ocrx_word' id='word_1_344' title='bbox 1498 4496 1577 4561; x_wconf 84' lang='lat' dir='ltr'><strong>nilsil</strong></span> 
     </span>
     <span class='ocr_line' id='line_1_39' title="bbox 497 4583 1566 4680; baseline 0.02 -40"><span class='ocrx_word' id='word_1_345' title='bbox 497 4583 546 4638; x_wconf 83' lang='lat' dir='ltr'><strong>est</strong></span> <span class='ocrx_word' id='word_1_346' title='bbox 566 4596 657 4656; x_wconf 87' lang='lat' dir='ltr'><strong>sane,</strong></span> <span class='ocrx_word' id='word_1_347' title='bbox 680 4603 735 4646; x_wconf 86' lang='lat' dir='ltr'><strong>cur</strong></span> <span class='ocrx_word' id='word_1_348' title='bbox 755 4585 879 4649; x_wconf 85' lang='lat' dir='ltr'><strong>Platoni</strong></span> <span class='ocrx_word' id='word_1_349' title='bbox 893 4588 1055 4669; x_wconf 85' lang='lat' dir='ltr'><strong>opinemur</strong></span> <span class='ocrx_word' id='word_1_350' title='bbox 1067 4592 1145 4656; x_wconf 89' lang='lat' dir='ltr'><strong>illud</strong></span> <span class='ocrx_word' id='word_1_351' title='bbox 1158 4594 1305 4677; x_wconf 75' lang='lat' dir='ltr'><strong>plicitum</strong></span> <span class='ocrx_word' id='word_1_352' title='bbox 1324 4602 1444 4661; x_wconf 91' lang='lat' dir='ltr'><strong>temere</strong></span> <span class='ocrx_word' id='word_1_353' title='bbox 1456 4596 1566 4680; x_wconf 78' lang='lat' dir='ltr'><strong>silingi</strong></span> 
     </span>
    </p>
   </div>
   <div class='ocr_carea' id='block_1_3' title="bbox 0 0 1912 5442">
    <p class='ocr_par' dir='ltr' id='par_1_5' title="bbox 0 0 1912 5442">
     <span class='ocr_line' id='line_1_40' title="bbox 0 0 1912 5442; baseline 0 0"><span class='ocrx_word' id='word_1_354' title='bbox 0 0 1912 5442; x_wconf 95' lang='lat' dir='ltr'><strong> </strong></span> 
     </span>
    </p>
   </div>
  </div>
 </body>
</html>
