<?xml version="1.0" encoding="UTF-8"?>
<!DOCTYPE html PUBLIC "-//W3C//DTD XHTML 1.0 Transitional//EN"
    "http://www.w3.org/TR/xhtml1/DTD/xhtml1-transitional.dtd">
<html xmlns="http://www.w3.org/1999/xhtml" xml:lang="en" lang="en">
 <head>
  <title>
</title>
<meta http-equiv="Content-Type" content="text/html;charset=utf-8" />
  <meta name='ocr-system' content='tesseract 3.04.00' />
  <meta name='ocr-capabilities' content='ocr_page ocr_carea ocr_par ocr_line ocrx_word'/>
</head>
<body>
  <div class='ocr_page' id='page_1' title='image "./parmenidescumqu00platgoog_0418.png"; bbox 0 0 3775 5442; ppageno 0'>
   <div class='ocr_carea' id='block_1_1' title="bbox 469 639 1128 715">
    <p class='ocr_par' dir='ltr' id='par_1_1' title="bbox 469 639 1128 715">
     <span class='ocr_line' id='line_1_1' title="bbox 469 639 1128 715; baseline -0.002 -19"><span class='ocrx_word' id='word_1_1' title='bbox 469 642 532 702; x_wconf 73' lang='lat'><strong>880</strong></span> <span class='ocrx_word' id='word_1_2' title='bbox 800 713 802 715; x_wconf 66' lang='lat'>‚</span> <span class='ocrx_word' id='word_1_3' title='bbox 893 639 978 696; x_wconf 84' lang='lat' dir='ltr'><strong>biber</strong></span> <span class='ocrx_word' id='word_1_4' title='bbox 1000 650 1128 715; x_wconf 84' lang='lat' dir='ltr'><strong>quartus.</strong></span> 
     </span>
    </p>
   </div>
   <div class='ocr_carea' id='block_1_2' title="bbox 453 810 1548 3989">
    <p class='ocr_par' dir='ltr' id='par_1_2' title="bbox 461 810 1548 2128">
     <span class='ocr_line' id='line_1_2' title="bbox 470 810 1547 890; baseline -0.002 -16"><span class='ocrx_word' id='word_1_5' title='bbox 470 813 586 885; x_wconf 82' lang='lat' dir='ltr'><strong>fuerit,</strong></span> <span class='ocrx_word' id='word_1_6' title='bbox 613 829 653 871; x_wconf 94' lang='lat' dir='ltr'><strong>ne</strong></span> <span class='ocrx_word' id='word_1_7' title='bbox 682 812 712 871; x_wconf 90' lang='lat' dir='ltr'><strong>in</strong></span> <span class='ocrx_word' id='word_1_8' title='bbox 742 812 905 873; x_wconf 71' lang='lat' dir='ltr'><strong>socordiae</strong></span> <span class='ocrx_word' id='word_1_9' title='bbox 931 819 985 871; x_wconf 93' lang='lat' dir='ltr'><strong>aut</strong></span> <span class='ocrx_word' id='word_1_10' title='bbox 1011 810 1219 890; x_wconf 69' lang='lat' dir='ltr'><strong>negligentiae</strong></span> <span class='ocrx_word' id='word_1_11' title='bbox 1246 812 1362 873; x_wconf 81' lang='lat' dir='ltr'>crimen</span> <span class='ocrx_word' id='word_1_12' title='bbox 1396 814 1547 873; x_wconf 90' lang='lat' dir='ltr'><strong>incidere-</strong></span> 
     </span>
     <span class='ocr_line' id='line_1_3' title="bbox 469 914 1548 994; baseline 0 -18"><span class='ocrx_word' id='word_1_13' title='bbox 469 934 548 976; x_wconf 85' lang='lat' dir='ltr'><strong>mus.</strong></span> <span class='ocrx_word' id='word_1_14' title='bbox 590 914 749 974; x_wconf 84' lang='lat' dir='ltr'><strong>Faciernus</strong></span> <span class='ocrx_word' id='word_1_15' title='bbox 776 921 878 975; x_wconf 90' lang='lat' dir='ltr'><strong>autem</strong></span> <span class='ocrx_word' id='word_1_16' title='bbox 906 914 967 975; x_wconf 91' lang='lat' dir='ltr'><strong>boc</strong></span> <span class='ocrx_word' id='word_1_17' title='bbox 994 931 1082 974; x_wconf 80' lang='lat' dir='ltr'><strong>merc</strong></span> <span class='ocrx_word' id='word_1_18' title='bbox 1104 922 1212 974; x_wconf 90' lang='lat' dir='ltr'><strong>nostro</strong></span> <span class='ocrx_word' id='word_1_19' title='bbox 1235 915 1288 988; x_wconf 89' lang='lat' dir='ltr'><strong>ita,</strong></span> <span class='ocrx_word' id='word_1_20' title='bbox 1322 927 1355 977; x_wconf 93' lang='lat' dir='ltr'><strong>ut</strong></span> <span class='ocrx_word' id='word_1_21' title='bbox 1378 934 1548 994; x_wconf 90' lang='lat' dir='ltr'><strong>quaecum</strong></span> 
     </span>
     <span class='ocr_line' id='line_1_4' title="bbox 469 1016 1546 1098; baseline 0.003 -21"><span class='ocrx_word' id='word_1_22' title='bbox 469 1017 529 1077; x_wconf 90' lang='lat' dir='ltr'><strong>bac</strong></span> <span class='ocrx_word' id='word_1_23' title='bbox 557 1017 767 1095; x_wconf 89' lang='lat' dir='ltr'><strong>disputatione</strong></span> <span class='ocrx_word' id='word_1_24' title='bbox 794 1018 956 1078; x_wconf 84' lang='lat' dir='ltr'><strong>coniuncta</strong></span> <span class='ocrx_word' id='word_1_25' title='bbox 977 1023 1065 1089; x_wconf 90' lang='lat' dir='ltr'><strong>sunt,</strong></span> <span class='ocrx_word' id='word_1_26' title='bbox 1095 1034 1132 1076; x_wconf 88' lang='lat' dir='ltr'><strong>ea</strong></span> <span class='ocrx_word' id='word_1_27' title='bbox 1153 1016 1201 1076; x_wconf 90' lang='lat' dir='ltr'><strong>illi</strong></span> <span class='ocrx_word' id='word_1_28' title='bbox 1222 1016 1282 1096; x_wconf 87' lang='lat' dir='ltr'><strong>ipsi</strong></span> <span class='ocrx_word' id='word_1_29' title='bbox 1303 1017 1546 1098; x_wconf 73' lang='lat' dir='ltr'><strong>interponamus,</strong></span> 
     </span>
     <span class='ocr_line' id='line_1_5' title="bbox 468 1119 1547 1183; baseline 0.001 -1"><span class='ocrx_word' id='word_1_30' title='bbox 468 1138 508 1182; x_wconf 88' lang='lat' dir='ltr'><strong>ne</strong></span> <span class='ocrx_word' id='word_1_31' title='bbox 530 1121 579 1182; x_wconf 83' lang='lat' dir='ltr'><strong>vel</strong></span> <span class='ocrx_word' id='word_1_32' title='bbox 603 1121 692 1181; x_wconf 91' lang='lat' dir='ltr'><strong>unice</strong></span> <span class='ocrx_word' id='word_1_33' title='bbox 719 1119 751 1180; x_wconf 93' lang='lat' dir='ltr'><strong>ln</strong></span> <span class='ocrx_word' id='word_1_34' title='bbox 778 1120 910 1181; x_wconf 88' lang='lat' dir='ltr'><strong>aliarum</strong></span> <span class='ocrx_word' id='word_1_35' title='bbox 937 1119 1100 1181; x_wconf 67' lang='lat' dir='ltr'><strong>sententiis</strong></span> <span class='ocrx_word' id='word_1_36' title='bbox 1127 1120 1310 1181; x_wconf 79' lang='lat' dir='ltr'><strong>refellendis</strong></span> <span class='ocrx_word' id='word_1_37' title='bbox 1342 1122 1455 1182; x_wconf 84' lang='lat' dir='ltr'><strong>versati</strong></span> <span class='ocrx_word' id='word_1_38' title='bbox 1476 1141 1547 1183; x_wconf 88' lang='lat' dir='ltr'><strong>esse</strong></span> 
     </span>
     <span class='ocr_line' id='line_1_6' title="bbox 467 1223 1548 1302; baseline 0.001 -18"><span class='ocrx_word' id='word_1_39' title='bbox 467 1223 636 1297; x_wconf 77' lang='lat' dir='ltr'><strong>videamur,</strong></span> <span class='ocrx_word' id='word_1_40' title='bbox 656 1223 707 1284; x_wconf 85' lang='lat' dir='ltr'><strong>vel</strong></span> <span class='ocrx_word' id='word_1_41' title='bbox 727 1224 821 1284; x_wconf 90' lang='lat' dir='ltr'><strong>etiam</strong></span> <span class='ocrx_word' id='word_1_42' title='bbox 840 1223 1014 1302; x_wconf 71' lang='lat' dir='ltr'><strong>neglexisse</strong></span> <span class='ocrx_word' id='word_1_43' title='bbox 1035 1241 1081 1294; x_wconf 88' lang='lat' dir='ltr'><strong>ea,</strong></span> <span class='ocrx_word' id='word_1_44' title='bbox 1104 1240 1182 1301; x_wconf 87' lang='lat' dir='ltr'><strong>quae</strong></span> <span class='ocrx_word' id='word_1_45' title='bbox 1204 1223 1243 1283; x_wconf 91' lang='lat' dir='ltr'><strong>ad</strong></span> <span class='ocrx_word' id='word_1_46' title='bbox 1263 1223 1355 1283; x_wconf 88' lang='lat' dir='ltr'><strong>iidem</strong></span> <span class='ocrx_word' id='word_1_47' title='bbox 1375 1224 1448 1284; x_wconf 88' lang='lat' dir='ltr'><strong>librl</strong></span> <span class='ocrx_word' id='word_1_48' title='bbox 1464 1226 1548 1285; x_wconf 88' lang='lat' dir='ltr'><strong>omni</strong></span> 
     </span>
     <span class='ocr_line' id='line_1_7' title="bbox 468 1324 1547 1406; baseline 0 -19"><span class='ocrx_word' id='word_1_49' title='bbox 468 1345 507 1387; x_wconf 84' lang='lat' dir='ltr'><strong>ex</strong></span> <span class='ocrx_word' id='word_1_50' title='bbox 528 1334 617 1406; x_wconf 89' lang='lat' dir='ltr'><strong>parte</strong></span> <span class='ocrx_word' id='word_1_51' title='bbox 638 1326 817 1387; x_wconf 82' lang='lat' dir='ltr'><strong>firmandam</strong></span> <span class='ocrx_word' id='word_1_52' title='bbox 839 1325 1014 1386; x_wconf 87' lang='lat' dir='ltr'><strong>necessario</strong></span> <span class='ocrx_word' id='word_1_53' title='bbox 1036 1324 1243 1404; x_wconf 83' lang='lat' dir='ltr'><strong>requirantur.</strong></span> <span class='ocrx_word' id='word_1_54' title='bbox 1266 1326 1417 1403; x_wconf 74' lang='lat' dir='ltr'><strong>Quocirca</strong></span> <span class='ocrx_word' id='word_1_55' title='bbox 1439 1327 1547 1388; x_wconf 88' lang='lat' dir='ltr'><strong>eadem</strong></span> 
     </span>
     <span class='ocr_line' id='line_1_8' title="bbox 469 1429 1548 1510; baseline 0 -17"><span class='ocrx_word' id='word_1_56' title='bbox 469 1449 564 1510; x_wconf 88' lang='lat' dir='ltr'><strong>opera</strong></span> <span class='ocrx_word' id='word_1_57' title='bbox 586 1431 751 1491; x_wconf 85' lang='lat' dir='ltr'><strong>ostendere</strong></span> <span class='ocrx_word' id='word_1_58' title='bbox 773 1429 969 1501; x_wconf 81' lang='lat' dir='ltr'><strong>conabimur,</strong></span> <span class='ocrx_word' id='word_1_59' title='bbox 999 1446 1077 1507; x_wconf 82' lang='lat' dir='ltr'><strong>quae</strong></span> <span class='ocrx_word' id='word_1_60' title='bbox 1102 1430 1145 1490; x_wconf 90' lang='lat' dir='ltr'><strong>sit</strong></span> <span class='ocrx_word' id='word_1_61' title='bbox 1171 1429 1263 1489; x_wconf 89' lang='lat' dir='ltr'><strong>buius</strong></span> <span class='ocrx_word' id='word_1_62' title='bbox 1290 1429 1362 1488; x_wconf 90' lang='lat' dir='ltr'><strong>iibri</strong></span> <span class='ocrx_word' id='word_1_63' title='bbox 1389 1448 1456 1489; x_wconf 89' lang='lat' dir='ltr'><strong>cnm</strong></span> <span class='ocrx_word' id='word_1_64' title='bbox 1479 1430 1548 1493; x_wconf 88' lang='lat' dir='ltr'><strong>aliis</strong></span> 
     </span>
     <span class='ocr_line' id='line_1_9' title="bbox 468 1525 1546 1612; baseline 0 -18"><span class='ocrx_word' id='word_1_65' title='bbox 468 1533 607 1595; x_wconf 82' lang='lat' dir='ltr'><strong>l&#39;islonis</strong></span> <span class='ocrx_word' id='word_1_66' title='bbox 636 1525 761 1612; x_wconf 87' lang='lat' dir='ltr'><strong>scriptis</strong></span> <span class='ocrx_word' id='word_1_67' title='bbox 789 1532 987 1594; x_wconf 84' lang='lat' dir='ltr'><strong>necessitudo</strong></span> <span class='ocrx_word' id='word_1_68' title='bbox 1019 1538 1052 1593; x_wconf 87' lang='lat' dir='ltr'><strong>et</strong></span> <span class='ocrx_word' id='word_1_69' title='bbox 1078 1531 1293 1605; x_wconf 80' lang='lat' dir='ltr'><strong>cohaerentia,</strong></span> <span class='ocrx_word' id='word_1_70' title='bbox 1328 1538 1360 1591; x_wconf 94' lang='lat' dir='ltr'><strong>et</strong></span> <span class='ocrx_word' id='word_1_71' title='bbox 1389 1533 1546 1610; x_wconf 85' lang='lat' dir='ltr'><strong>quomodo</strong></span> 
     </span>
     <span class='ocr_line' id='line_1_10' title="bbox 468 1633 1547 1714; baseline -0.001 -17"><span class='ocrx_word' id='word_1_72' title='bbox 468 1636 594 1698; x_wconf 90' lang='lat' dir='ltr'><strong>decreta</strong></span> <span class='ocrx_word' id='word_1_73' title='bbox 619 1636 651 1696; x_wconf 95' lang='lat' dir='ltr'><strong>in</strong></span> <span class='ocrx_word' id='word_1_74' title='bbox 679 1651 718 1695; x_wconf 93' lang='lat' dir='ltr'><strong>eo</strong></span> <span class='ocrx_word' id='word_1_75' title='bbox 747 1634 895 1714; x_wconf 78' lang='lat' dir='ltr'><strong>peculiari</strong></span> <span class='ocrx_word' id='word_1_76' title='bbox 922 1652 1020 1714; x_wconf 88' lang='lat' dir='ltr'><strong>opera</strong></span> <span class='ocrx_word' id='word_1_77' title='bbox 1044 1635 1200 1697; x_wconf 88' lang='lat' dir='ltr'><strong>illustrata</strong></span> <span class='ocrx_word' id='word_1_78' title='bbox 1227 1654 1295 1697; x_wconf 89' lang='lat' dir='ltr'><strong>cum</strong></span> <span class='ocrx_word' id='word_1_79' title='bbox 1324 1633 1461 1696; x_wconf 86' lang='lat' dir='ltr'><strong>Platonis</strong></span> <span class='ocrx_word' id='word_1_80' title='bbox 1490 1634 1547 1696; x_wconf 93' lang='lat' dir='ltr'><strong>do-</strong></span> 
     </span>
     <span class='ocr_line' id='line_1_11' title="bbox 468 1737 1547 1818; baseline -0.003 -18"><span class='ocrx_word' id='word_1_81' title='bbox 468 1740 583 1814; x_wconf 86' lang='lat' dir='ltr'><strong>ctriua,</strong></span> <span class='ocrx_word' id='word_1_82' title='bbox 612 1738 711 1817; x_wconf 86' lang='lat' dir='ltr'><strong>qualis</strong></span> <span class='ocrx_word' id='word_1_83' title='bbox 739 1740 829 1818; x_wconf 83' lang='lat' dir='ltr'><strong>vulgo</strong></span> <span class='ocrx_word' id='word_1_84' title='bbox 850 1739 883 1798; x_wconf 91' lang='lat' dir='ltr'><strong>in</strong></span> <span class='ocrx_word' id='word_1_85' title='bbox 905 1737 993 1799; x_wconf 91' lang='lat' dir='ltr'><strong>libris</strong></span> <span class='ocrx_word' id='word_1_86' title='bbox 1015 1738 1270 1818; x_wconf 85' lang='lat' dir='ltr'><strong>pbilosophorum</strong></span> <span class='ocrx_word' id='word_1_87' title='bbox 1292 1738 1443 1812; x_wconf 84' lang='lat' dir='ltr'><strong>traditur,</strong></span> <span class='ocrx_word' id='word_1_88' title='bbox 1473 1756 1547 1799; x_wconf 92' lang='lat' dir='ltr'><strong>con-</strong></span> 
     </span>
     <span class='ocr_line' id='line_1_12' title="bbox 461 1839 1546 1920; baseline -0.001 -17"><span class='ocrx_word' id='word_1_89' title='bbox 461 1841 566 1904; x_wconf 78' lang='lat' dir='ltr'><strong>&#39;dilari</strong></span> <span class='ocrx_word' id='word_1_90' title='bbox 587 1848 620 1903; x_wconf 89' lang='lat' dir='ltr'><strong>et</strong></span> <span class='ocrx_word' id='word_1_91' title='bbox 640 1843 672 1902; x_wconf 94' lang='lat' dir='ltr'><strong>in</strong></span> <span class='ocrx_word' id='word_1_92' title='bbox 695 1860 787 1902; x_wconf 90' lang='lat' dir='ltr'><strong>unum</strong></span> <span class='ocrx_word' id='word_1_93' title='bbox 809 1841 954 1919; x_wconf 85' lang='lat' dir='ltr'><strong>coniungi</strong></span> <span class='ocrx_word' id='word_1_94' title='bbox 976 1839 1117 1901; x_wconf 87' lang='lat' dir='ltr'><strong>debeant</strong></span> <span class='ocrx_word' id='word_1_95' title='bbox 1183 1842 1303 1920; x_wconf 80' lang='lat' dir='ltr'><strong>Quibus</strong></span> <span class='ocrx_word' id='word_1_96' title='bbox 1324 1841 1474 1920; x_wconf 88' lang='lat' dir='ltr'><strong>expositis</strong></span> <span class='ocrx_word' id='word_1_97' title='bbox 1495 1840 1546 1902; x_wconf 83' lang='lat' dir='ltr'><strong>fu-</strong></span> 
     </span>
     <span class='ocr_line' id='line_1_13' title="bbox 466 1943 1547 2024; baseline -0.001 -16"><span class='ocrx_word' id='word_1_98' title='bbox 466 1955 572 2009; x_wconf 81' lang='lat' dir='ltr'><strong>turum</strong></span> <span class='ocrx_word' id='word_1_99' title='bbox 593 1964 664 2006; x_wconf 90' lang='lat' dir='ltr'><strong>esse</strong></span> <span class='ocrx_word' id='word_1_100' title='bbox 685 1960 855 2024; x_wconf 84' lang='lat' dir='ltr'><strong>speramus,</strong></span> <span class='ocrx_word' id='word_1_101' title='bbox 878 1950 913 2005; x_wconf 93' lang='lat' dir='ltr'><strong>ut</strong></span> <span class='ocrx_word' id='word_1_102' title='bbox 934 1943 1045 2023; x_wconf 85' lang='lat' dir='ltr'><strong>eequid</strong></span> <span class='ocrx_word' id='word_1_103' title='bbox 1067 1944 1133 2005; x_wconf 87' lang='lat' dir='ltr'><strong>veri</strong></span> <span class='ocrx_word' id='word_1_104' title='bbox 1153 1943 1425 2005; x_wconf 76' lang='lat' dir='ltr'><strong>animadverterint</strong></span> <span class='ocrx_word' id='word_1_105' title='bbox 1436 1946 1547 2007; x_wconf 88' lang='lat' dir='ltr'><strong>trium·</strong></span> 
     </span>
     <span class='ocr_line' id='line_1_14' title="bbox 468 2047 1393 2128; baseline 0 -18"><span class='ocrx_word' id='word_1_106' title='bbox 468 2050 526 2110; x_wconf 80' lang='lat' dir='ltr'><strong>viri</strong></span> <span class='ocrx_word' id='word_1_107' title='bbox 547 2047 813 2128; x_wconf 85' lang='lat' dir='ltr'><strong>praestantissimi,</strong></span> <span class='ocrx_word' id='word_1_108' title='bbox 834 2056 946 2125; x_wconf 88' lang='lat' dir='ltr'><strong>sponte</strong></span> <span class='ocrx_word' id='word_1_109' title='bbox 967 2048 1006 2108; x_wconf 89' lang='lat' dir='ltr'><strong>ab</strong></span> <span class='ocrx_word' id='word_1_110' title='bbox 1029 2047 1171 2109; x_wconf 87' lang='lat' dir='ltr'><strong>omuibus</strong></span> <span class='ocrx_word' id='word_1_111' title='bbox 1192 2048 1393 2125; x_wconf 77' lang='lat' dir='ltr'><strong>intelligatur.</strong></span> 
     </span>
    </p>

    <p class='ocr_par' dir='ltr' id='par_1_3' title="bbox 453 2147 1546 3989">
     <span class='ocr_line' id='line_1_15' title="bbox 551 2147 1544 2230; baseline -0.002 -18"><span class='ocrx_word' id='word_1_112' title='bbox 551 2149 643 2229; x_wconf 80' lang='lat' dir='ltr'><strong>Quod</strong></span> <span class='ocrx_word' id='word_1_113' title='bbox 672 2150 767 2229; x_wconf 90' lang='lat' dir='ltr'><strong>igitur</strong></span> <span class='ocrx_word' id='word_1_114' title='bbox 788 2147 904 2210; x_wconf 83' lang='lat' dir='ltr'><strong>Astius&#39;</strong></span> <span class='ocrx_word' id='word_1_115' title='bbox 920 2150 1003 2210; x_wconf 91' lang='lat' dir='ltr'><strong>bunc</strong></span> <span class='ocrx_word' id='word_1_116' title='bbox 1024 2152 1179 2230; x_wconf 78' lang='lat' dir='ltr'><strong>dialogum</strong></span> <span class='ocrx_word' id='word_1_117' title='bbox 1201 2151 1376 2213; x_wconf 82' lang='lat' dir='ltr'><strong>absolutum</strong></span> <span class='ocrx_word' id='word_1_118' title='bbox 1398 2168 1467 2212; x_wconf 89' lang='lat' dir='ltr'><strong>esse</strong></span> <span class='ocrx_word' id='word_1_119' title='bbox 1489 2168 1544 2210; x_wconf 90' lang='lat' dir='ltr'><strong>ne-</strong></span> 
     </span>
     <span class='ocr_line' id='line_1_16' title="bbox 466 2253 1545 2335; baseline 0.001 -21"><span class='ocrx_word' id='word_1_120' title='bbox 466 2253 550 2335; x_wconf 82' lang='lat' dir='ltr'><strong>gavit</strong></span> <span class='ocrx_word' id='word_1_121' title='bbox 571 2265 604 2314; x_wconf 92' lang='lat' dir='ltr'><strong>et</strong></span> <span class='ocrx_word' id='word_1_122' title='bbox 625 2253 664 2313; x_wconf 92' lang='lat' dir='ltr'><strong>ad</strong></span> <span class='ocrx_word' id='word_1_123' title='bbox 685 2253 777 2314; x_wconf 88' lang='lat' dir='ltr'><strong>linem</strong></span> <span class='ocrx_word' id='word_1_124' title='bbox 799 2253 992 2332; x_wconf 89' lang='lat' dir='ltr'><strong>perductum,</strong></span> <span class='ocrx_word' id='word_1_125' title='bbox 1015 2255 1125 2314; x_wconf 85' lang='lat' dir='ltr'><strong>vellem</strong></span> <span class='ocrx_word' id='word_1_126' title='bbox 1149 2255 1256 2331; x_wconf 90' lang='lat' dir='ltr'><strong>utique</strong></span> <span class='ocrx_word' id='word_1_127' title='bbox 1278 2253 1368 2314; x_wconf 87' lang='lat' dir='ltr'><strong>buius</strong></span> <span class='ocrx_word' id='word_1_128' title='bbox 1391 2255 1545 2333; x_wconf 84' lang='lat' dir='ltr'><strong>opinionis</strong></span> 
     </span>
     <span class='ocr_line' id='line_1_17' title="bbox 466 2354 1546 2437; baseline -0.001 -18"><span class='ocrx_word' id='word_1_129' title='bbox 466 2374 541 2419; x_wconf 83' lang='lat' dir='ltr'><strong>suae</strong></span> <span class='ocrx_word' id='word_1_130' title='bbox 563 2374 686 2418; x_wconf 70' lang='lat' dir='ltr'><strong>causus</strong></span> <span class='ocrx_word' id='word_1_131' title='bbox 708 2362 741 2418; x_wconf 92' lang='lat' dir='ltr'><strong>et</strong></span> <span class='ocrx_word' id='word_1_132' title='bbox 762 2362 942 2436; x_wconf 83' lang='lat' dir='ltr'><strong>argumenta</strong></span> <span class='ocrx_word' id='word_1_133' title='bbox 970 2356 1135 2419; x_wconf 85' lang='lat' dir='ltr'><strong>dilucidius</strong></span> <span class='ocrx_word' id='word_1_134' title='bbox 1162 2357 1364 2437; x_wconf 81' lang='lat' dir='ltr'><strong>exposuisset</strong></span> <span class='ocrx_word' id='word_1_135' title='bbox 1413 2354 1546 2419; x_wconf 89' lang='lat' dir='ltr'><strong>Videtur</strong></span> 
     </span>
     <span class='ocr_line' id='line_1_18' title="bbox 466 2458 1546 2540; baseline 0 -18"><span class='ocrx_word' id='word_1_136' title='bbox 466 2467 585 2535; x_wconf 89' lang='lat' dir='ltr'><strong>sutem,</strong></span> <span class='ocrx_word' id='word_1_137' title='bbox 614 2460 643 2523; x_wconf 90' lang='lat' dir='ltr'><strong>si</strong></span> <span class='ocrx_word' id='word_1_138' title='bbox 670 2459 745 2538; x_wconf 89' lang='lat' dir='ltr'><strong>quid</strong></span> <span class='ocrx_word' id='word_1_139' title='bbox 766 2459 919 2521; x_wconf 88' lang='lat' dir='ltr'><strong>coniicere</strong></span> <span class='ocrx_word' id='word_1_140' title='bbox 939 2478 1083 2540; x_wconf 87' lang='lat' dir='ltr'><strong>possum,</strong></span> <span class='ocrx_word' id='word_1_141' title='bbox 1105 2460 1138 2521; x_wconf 93' lang='lat' dir='ltr'><strong>in</strong></span> <span class='ocrx_word' id='word_1_142' title='bbox 1160 2478 1227 2521; x_wconf 91' lang='lat' dir='ltr'><strong>cam</strong></span> <span class='ocrx_word' id='word_1_143' title='bbox 1248 2461 1432 2522; x_wconf 77' lang='lat' dir='ltr'><strong>sententiam</strong></span> <span class='ocrx_word' id='word_1_144' title='bbox 1455 2458 1546 2522; x_wconf 86' lang='lat' dir='ltr'><strong>dese·</strong></span> 
     </span>
     <span class='ocr_line' id='line_1_19' title="bbox 465 2562 1544 2643; baseline -0.002 -17"><span class='ocrx_word' id='word_1_145' title='bbox 465 2565 550 2626; x_wconf 89' lang='lat' dir='ltr'><strong>nisse</strong></span> <span class='ocrx_word' id='word_1_146' title='bbox 571 2565 621 2625; x_wconf 86' lang='lat' dir='ltr'><strong>rei</strong></span> <span class='ocrx_word' id='word_1_147' title='bbox 641 2562 730 2638; x_wconf 89' lang='lat' dir='ltr'><strong>ideo,</strong></span> <span class='ocrx_word' id='word_1_148' title='bbox 759 2562 831 2643; x_wconf 82' lang='lat' dir='ltr'><strong>quis</strong></span> <span class='ocrx_word' id='word_1_149' title='bbox 858 2562 1069 2627; x_wconf 85' lang='lat' dir='ltr'><strong>dubitationes</strong></span> <span class='ocrx_word' id='word_1_150' title='bbox 1097 2563 1246 2626; x_wconf 87' lang='lat' dir='ltr'><strong>adversus</strong></span> <span class='ocrx_word' id='word_1_151' title='bbox 1266 2564 1405 2625; x_wconf 87' lang='lat' dir='ltr'><strong>idearum</strong></span> <span class='ocrx_word' id='word_1_152' title='bbox 1428 2562 1544 2625; x_wconf 90' lang='lat' dir='ltr'><strong>doctri-</strong></span> 
     </span>
     <span class='ocr_line' id='line_1_20' title="bbox 466 2665 1545 2746; baseline -0.002 -17"><span class='ocrx_word' id='word_1_153' title='bbox 466 2686 535 2729; x_wconf 87' lang='lat' dir='ltr'><strong>asm</strong></span> <span class='ocrx_word' id='word_1_154' title='bbox 557 2668 589 2728; x_wconf 93' lang='lat' dir='ltr'><strong>in</strong></span> <span class='ocrx_word' id='word_1_155' title='bbox 611 2665 737 2728; x_wconf 81' lang='lat' dir='ltr'><strong>exordio</strong></span> <span class='ocrx_word' id='word_1_156' title='bbox 764 2674 923 2728; x_wconf 87' lang='lat' dir='ltr'><strong>enarratas</strong></span> <span class='ocrx_word' id='word_1_157' title='bbox 951 2685 1013 2729; x_wconf 94' lang='lat' dir='ltr'><strong>non</strong></span> <span class='ocrx_word' id='word_1_158' title='bbox 1042 2666 1207 2728; x_wconf 80' lang='lat' dir='ltr'><strong>examinari</strong></span> <span class='ocrx_word' id='word_1_159' title='bbox 1229 2667 1374 2746; x_wconf 84' lang='lat' dir='ltr'><strong>deinceps</strong></span> <span class='ocrx_word' id='word_1_160' title='bbox 1396 2669 1455 2727; x_wconf 55' lang='lat' dir='ltr'><strong>sut¹</strong></span> <span class='ocrx_word' id='word_1_161' title='bbox 1472 2685 1545 2728; x_wconf 75' lang='lat' dir='ltr'><strong>cou-¹</strong></span> 
     </span>
     <span class='ocr_line' id='line_1_21' title="bbox 465 2769 1544 2850; baseline -0.003 -18"><span class='ocrx_word' id='word_1_162' title='bbox 465 2771 539 2833; x_wconf 81' lang='lat' dir='ltr'><strong>velli</strong></span> <span class='ocrx_word' id='word_1_163' title='bbox 560 2775 693 2850; x_wconf 87' lang='lat' dir='ltr'><strong>putaret,</strong></span> <span class='ocrx_word' id='word_1_164' title='bbox 717 2771 765 2830; x_wconf 84' lang='lat' dir='ltr'><strong>sel</strong></span> <span class='ocrx_word' id='word_1_165' title='bbox 787 2771 880 2831; x_wconf 83' lang='lat' dir='ltr'><strong>etiam</strong></span> <span class='ocrx_word' id='word_1_166' title='bbox 903 2773 952 2844; x_wconf 87' lang='lat' dir='ltr'><strong>eo,</strong></span> <span class='ocrx_word' id='word_1_167' title='bbox 976 2769 1059 2850; x_wconf 80' lang='lat' dir='ltr'><strong>quod</strong></span> <span class='ocrx_word' id='word_1_168' title='bbox 1080 2787 1255 2831; x_wconf 88' lang='lat' dir='ltr'><strong>sermonem</strong></span> <span class='ocrx_word' id='word_1_169' title='bbox 1278 2779 1437 2848; x_wconf 87' lang='lat' dir='ltr'><strong>postremo</strong></span> <span class='ocrx_word' id='word_1_170' title='bbox 1460 2769 1544 2830; x_wconf 74' lang='lat' dir='ltr'><strong>ride·</strong></span> 
     </span>
     <span class='ocr_line' id='line_1_22' title="bbox 464 2855 1544 2954; baseline 0 -19"><span class='ocrx_word' id='word_1_171' title='bbox 464 2880 515 2935; x_wconf 85' lang='lat' dir='ltr'><strong>ret</strong></span> <span class='ocrx_word' id='word_1_172' title='bbox 541 2874 645 2934; x_wconf 89' lang='lat' dir='ltr'><strong>subito</strong></span> <span class='ocrx_word' id='word_1_173' title='bbox 676 2875 818 2954; x_wconf 80' lang='lat' dir='ltr'><strong>abrumpi</strong></span> <span class='ocrx_word' id='word_1_174' title='bbox 846 2893 904 2936; x_wconf 92' lang='lat' dir='ltr'><strong>nec</strong></span> <span class='ocrx_word' id='word_1_175' title='bbox 929 2892 1078 2952; x_wconf 89' lang='lat' dir='ltr'><strong>quorsum</strong></span> <span class='ocrx_word' id='word_1_176' title='bbox 1114 2879 1270 2952; x_wconf 83' lang='lat' dir='ltr'><strong>spectaret</strong></span> <span class='ocrx_word' id='word_1_177' title='bbox 1304 2872 1446 2935; x_wconf 81' lang='lat' dir='ltr'><strong>universa</strong></span> <span class='ocrx_word' id='word_1_178' title='bbox 1481 2855 1544 2935; x_wconf 38' lang='lat' dir='ltr'><strong>dis*-</strong></span> 
     </span>
     <span class='ocr_line' id='line_1_23' title="bbox 465 2976 1544 3058; baseline 0 -20"><span class='ocrx_word' id='word_1_179' title='bbox 465 2977 600 3058; x_wconf 86' lang='lat' dir='ltr'><strong>putatic,</strong></span> <span class='ocrx_word' id='word_1_180' title='bbox 635 2978 700 3039; x_wconf 92' lang='lat' dir='ltr'><strong>uilo</strong></span> <span class='ocrx_word' id='word_1_181' title='bbox 722 2978 816 3038; x_wconf 88' lang='lat' dir='ltr'><strong>modo</strong></span> <span class='ocrx_word' id='word_1_182' title='bbox 838 2977 1013 3055; x_wconf 80' lang='lat' dir='ltr'><strong>significari.</strong></span> <span class='ocrx_word' id='word_1_183' title='bbox 1056 2976 1203 3037; x_wconf 87' lang='lat' dir='ltr'><strong>Neutram</strong></span> <span class='ocrx_word' id='word_1_184' title='bbox 1225 2977 1376 3037; x_wconf 89' lang='lat' dir='ltr'><strong>rationem</strong></span> <span class='ocrx_word' id='word_1_185' title='bbox 1399 2995 1464 3036; x_wconf 91' lang='lat' dir='ltr'><strong>eam</strong></span> <span class='ocrx_word' id='word_1_186' title='bbox 1487 2997 1544 3057; x_wconf 90' lang='lat' dir='ltr'><strong>pu-</strong></span> 
     </span>
     <span class='ocr_line' id='line_1_24' title="bbox 465 3079 1543 3159; baseline -0.002 -16"><span class='ocrx_word' id='word_1_187' title='bbox 465 3093 583 3154; x_wconf 87' lang='lat' dir='ltr'><strong>tamus,</strong></span> <span class='ocrx_word' id='word_1_188' title='bbox 612 3087 647 3139; x_wconf 91' lang='lat' dir='ltr'><strong>ut</strong></span> <span class='ocrx_word' id='word_1_189' title='bbox 670 3080 701 3139; x_wconf 91' lang='lat' dir='ltr'><strong>ei</strong></span> <span class='ocrx_word' id='word_1_190' title='bbox 723 3080 839 3158; x_wconf 82' lang='lat' dir='ltr'><strong>aliquid</strong></span> <span class='ocrx_word' id='word_1_191' title='bbox 862 3079 1009 3159; x_wconf 90' lang='lat' dir='ltr'><strong>ponderis</strong></span> <span class='ocrx_word' id='word_1_192' title='bbox 1036 3080 1235 3159; x_wconf 63' lang='lat' dir='ltr'><strong>tribuendum</strong></span> <span class='ocrx_word' id='word_1_193' title='bbox 1257 3082 1308 3145; x_wconf 91' lang='lat' dir='ltr'><strong>sit.</strong></span> <span class='ocrx_word' id='word_1_194' title='bbox 1357 3079 1435 3141; x_wconf 92' lang='lat' dir='ltr'><strong>Nam</strong></span> <span class='ocrx_word' id='word_1_195' title='bbox 1456 3081 1543 3159; x_wconf 87' lang='lat' dir='ltr'><strong>prius</strong></span> 
     </span>
     <span class='ocr_line' id='line_1_25' title="bbox 453 3181 1544 3263; baseline -0.002 -18"><span class='ocrx_word' id='word_1_196' title='bbox 453 3184 543 3245; x_wconf 78' lang='lat' dir='ltr'><strong>iliud</strong></span> <span class='ocrx_word' id='word_1_197' title='bbox 565 3201 654 3259; x_wconf 86' lang='lat' dir='ltr'><strong>quam</strong></span> <span class='ocrx_word' id='word_1_198' title='bbox 677 3182 736 3240; x_wconf 85' lang='lat' dir='ltr'><strong>vim</strong></span> <span class='ocrx_word' id='word_1_199' title='bbox 757 3183 880 3255; x_wconf 89' lang='lat' dir='ltr'><strong>habeat,</strong></span> <span class='ocrx_word' id='word_1_200' title='bbox 902 3199 939 3241; x_wconf 85' lang='lat' dir='ltr'><strong>ex</strong></span> <span class='ocrx_word' id='word_1_201' title='bbox 963 3181 1175 3262; x_wconf 88' lang='lat' dir='ltr'><strong>superioribus</strong></span> <span class='ocrx_word' id='word_1_202' title='bbox 1205 3185 1321 3244; x_wconf 88' lang='lat' dir='ltr'><strong>clarum</strong></span> <span class='ocrx_word' id='word_1_203' title='bbox 1345 3189 1394 3245; x_wconf 86' lang='lat' dir='ltr'><strong>est</strong></span> <span class='ocrx_word' id='word_1_204' title='bbox 1414 3202 1451 3244; x_wconf 89' lang='lat' dir='ltr'><strong>sc</strong></span> <span class='ocrx_word' id='word_1_205' title='bbox 1471 3202 1544 3263; x_wconf 88' lang='lat' dir='ltr'><strong>per-</strong></span> 
     </span>
     <span class='ocr_line' id='line_1_26' title="bbox 464 3281 1544 3364; baseline 0.005 -21"><span class='ocrx_word' id='word_1_206' title='bbox 464 3287 613 3364; x_wconf 80' lang='lat' dir='ltr'><strong>spicuum.</strong></span> <span class='ocrx_word' id='word_1_207' title='bbox 665 3281 857 3363; x_wconf 85' lang='lat' dir='ltr'><strong>llepe&#39;ntinus</strong></span> <span class='ocrx_word' id='word_1_208' title='bbox 887 3292 989 3344; x_wconf 90' lang='lat' dir='ltr'><strong>autem</strong></span> <span class='ocrx_word' id='word_1_209' title='bbox 1018 3285 1079 3346; x_wconf 88' lang='lat' dir='ltr'><strong>isto</strong></span> <span class='ocrx_word' id='word_1_210' title='bbox 1106 3288 1257 3350; x_wconf 87' lang='lat' dir='ltr'><strong>sermonis</strong></span> <span class='ocrx_word' id='word_1_211' title='bbox 1279 3288 1349 3349; x_wconf 88' lang='lat' dir='ltr'><strong>finis</strong></span> <span class='ocrx_word' id='word_1_212' title='bbox 1371 3294 1458 3349; x_wconf 89' lang='lat' dir='ltr'><strong>certe</strong></span> <span class='ocrx_word' id='word_1_213' title='bbox 1479 3304 1544 3348; x_wconf 90' lang='lat' dir='ltr'><strong>non</strong></span> 
     </span>
     <span class='ocr_line' id='line_1_27' title="bbox 464 3386 1544 3467; baseline 0.004 -18"><span class='ocrx_word' id='word_1_214' title='bbox 464 3390 599 3449; x_wconf 87' lang='lat' dir='ltr'><strong>debebat</strong></span> <span class='ocrx_word' id='word_1_215' title='bbox 620 3386 785 3449; x_wconf 75' lang='lat' dir='ltr'><strong>offendere</strong></span> <span class='ocrx_word' id='word_1_216' title='bbox 806 3405 893 3462; x_wconf 91' lang='lat' dir='ltr'><strong>eum,</strong></span> <span class='ocrx_word' id='word_1_217' title='bbox 923 3389 976 3467; x_wconf 81' lang='lat' dir='ltr'><strong>qui</strong></span> <span class='ocrx_word' id='word_1_218' title='bbox 1004 3395 1118 3450; x_wconf 75' lang='lat' dir='ltr'><strong>tantm</strong></span> <span class='ocrx_word' id='word_1_219' title='bbox 1149 3410 1216 3451; x_wconf 92' lang='lat' dir='ltr'><strong>cum</strong></span> <span class='ocrx_word' id='word_1_220' title='bbox 1239 3392 1371 3452; x_wconf 88' lang='lat' dir='ltr'><strong>Platone</strong></span> <span class='ocrx_word' id='word_1_221' title='bbox 1392 3392 1544 3453; x_wconf 82' lang='lat' dir='ltr'><strong>contraxit</strong></span> 
     </span>
     <span class='ocr_line' id='line_1_28' title="bbox 463 3492 1543 3575; baseline 0.002 -21"><span class='ocrx_word' id='word_1_222' title='bbox 463 3492 713 3567; x_wconf 77' lang='lat' dir='ltr'><strong>familiaritatem,</strong></span> <span class='ocrx_word' id='word_1_223' title='bbox 736 3500 879 3572; x_wconf 89' lang='lat' dir='ltr'><strong>quantam</strong></span> <span class='ocrx_word' id='word_1_224' title='bbox 901 3493 986 3554; x_wconf 87' lang='lat' dir='ltr'><strong>omni</strong></span> <span class='ocrx_word' id='word_1_225' title='bbox 1007 3495 1155 3556; x_wconf 89' lang='lat' dir='ltr'><strong>memoria</strong></span> <span class='ocrx_word' id='word_1_226' title='bbox 1176 3495 1352 3575; x_wconf 87' lang='lat' dir='ltr'><strong>paucissimi</strong></span> <span class='ocrx_word' id='word_1_227' title='bbox 1367 3494 1417 3573; x_wconf 79' lang='lat'><strong>*),</strong></span> <span class='ocrx_word' id='word_1_228' title='bbox 1448 3514 1543 3574; x_wconf 85' lang='lat' dir='ltr'><strong>quan-</strong></span> 
     </span>
     <span class='ocr_line' id='line_1_29' title="bbox 463 3595 1541 3678; baseline 0 -20"><span class='ocrx_word' id='word_1_229' title='bbox 463 3596 630 3676; x_wconf 82' lang='lat' dir='ltr'><strong>doquidem</strong></span> <span class='ocrx_word' id='word_1_230' title='bbox 652 3595 719 3657; x_wconf 92' lang='lat' dir='ltr'><strong>eius</strong></span> <span class='ocrx_word' id='word_1_231' title='bbox 740 3596 820 3657; x_wconf 86' lang='lat' dir='ltr'><strong>ratio</strong></span> <span class='ocrx_word' id='word_1_232' title='bbox 842 3596 934 3657; x_wconf 87' lang='lat' dir='ltr'><strong>reddi</strong></span> <span class='ocrx_word' id='word_1_233' title='bbox 956 3605 1061 3677; x_wconf 89' lang='lat' dir='ltr'><strong>potest</strong></span> <span class='ocrx_word' id='word_1_234' title='bbox 1083 3599 1157 3660; x_wconf 89' lang='lat' dir='ltr'><strong>satis</strong></span> <span class='ocrx_word' id='word_1_235' title='bbox 1179 3599 1301 3660; x_wconf 90' lang='lat' dir='ltr'><strong>idonea.</strong></span> <span class='ocrx_word' id='word_1_236' title='bbox 1346 3600 1438 3678; x_wconf 80' lang='lat' dir='ltr'><strong>Quod</strong></span> <span class='ocrx_word' id='word_1_237' title='bbox 1460 3599 1541 3659; x_wconf 87' lang='lat' dir='ltr'><strong>enirn</strong></span> 
     </span>
     <span class='ocr_line' id='line_1_30' title="bbox 462 3697 1543 3782; baseline -0.003 -19"><span class='ocrx_word' id='word_1_238' title='bbox 462 3718 599 3763; x_wconf 88' lang='lat' dir='ltr'><strong>summus</strong></span> <span class='ocrx_word' id='word_1_239' title='bbox 621 3697 737 3778; x_wconf 81' lang='lat' dir='ltr'><strong>dialogi</strong></span> <span class='ocrx_word' id='word_1_240' title='bbox 764 3699 875 3762; x_wconf 85' lang='lat' dir='ltr'><strong>artilex</strong></span> <span class='ocrx_word' id='word_1_241' title='bbox 902 3718 964 3762; x_wconf 92' lang='lat' dir='ltr'><strong>non</strong></span> <span class='ocrx_word' id='word_1_242' title='bbox 986 3702 1147 3776; x_wconf 84' lang='lat' dir='ltr'><strong>indicavit,</strong></span> <span class='ocrx_word' id='word_1_243' title='bbox 1179 3702 1334 3782; x_wconf 91' lang='lat' dir='ltr'><strong>quomodo</strong></span> <span class='ocrx_word' id='word_1_244' title='bbox 1357 3704 1455 3763; x_wconf 86' lang='lat' dir='ltr'><strong>altera</strong></span> <span class='ocrx_word' id='word_1_245' title='bbox 1476 3722 1543 3765; x_wconf 89' lang='lat' dir='ltr'><strong>ser-</strong></span> 
     </span>
     <span class='ocr_line' id='line_1_31' title="bbox 463 3802 1542 3881; baseline 0.002 -17"><span class='ocrx_word' id='word_1_246' title='bbox 463 3803 562 3864; x_wconf 88' lang='lat' dir='ltr'><strong>monis</strong></span> <span class='ocrx_word' id='word_1_247' title='bbox 590 3819 661 3881; x_wconf 89' lang='lat' dir='ltr'><strong>psrs</strong></span> <span class='ocrx_word' id='word_1_248' title='bbox 682 3820 752 3862; x_wconf 85' lang='lat' dir='ltr'><strong>cunr</strong></span> <span class='ocrx_word' id='word_1_249' title='bbox 774 3802 871 3862; x_wconf 92' lang='lat' dir='ltr'><strong>altera</strong></span> <span class='ocrx_word' id='word_1_250' title='bbox 892 3804 1071 3878; x_wconf 84' lang='lat' dir='ltr'><strong>cohaereat3</strong></span> <span class='ocrx_word' id='word_1_251' title='bbox 1103 3805 1180 3866; x_wconf 81' lang='lat' dir='ltr'><strong>iecit</strong></span> <span class='ocrx_word' id='word_1_252' title='bbox 1201 3806 1271 3875; x_wconf 91' lang='lat' dir='ltr'><strong>hoc,</strong></span> <span class='ocrx_word' id='word_1_253' title='bbox 1295 3806 1352 3866; x_wconf 88' lang='lat' dir='ltr'><strong>ulai</strong></span> <span class='ocrx_word' id='word_1_254' title='bbox 1376 3807 1480 3879; x_wconf 86' lang='lat' dir='ltr'><strong>lallor,</strong></span> <span class='ocrx_word' id='word_1_255' title='bbox 1503 3824 1542 3866; x_wconf 90' lang='lat' dir='ltr'><strong>eo</strong></span> 
     </span>
     <span class='ocr_line' id='line_1_32' title="bbox 457 3905 1542 3989; baseline -0.001 -19"><span class='ocrx_word' id='word_1_256' title='bbox 457 3909 606 3980; x_wconf 80' lang='lat' dir='ltr'><strong>oonsilio,</strong></span> <span class='ocrx_word' id='word_1_257' title='bbox 639 3911 674 3966; x_wconf 92' lang='lat' dir='ltr'><strong>ut</strong></span> <span class='ocrx_word' id='word_1_258' title='bbox 702 3905 819 3967; x_wconf 86' lang='lat' dir='ltr'><strong>animos</strong></span> <span class='ocrx_word' id='word_1_259' title='bbox 847 3908 1014 3984; x_wconf 82' lang='lat' dir='ltr'><strong>legentium</strong></span> <span class='ocrx_word' id='word_1_260' title='bbox 1043 3911 1167 3989; x_wconf 79' lang='lat' dir='ltr'><strong>gravius</strong></span> <span class='ocrx_word' id='word_1_261' title='bbox 1190 3911 1339 3971; x_wconf 82' lang='lat' dir='ltr'><strong>excitaret</strong></span> <span class='ocrx_word' id='word_1_262' title='bbox 1359 3911 1399 3969; x_wconf 94' lang='lat' dir='ltr'><strong>sd</strong></span> <span class='ocrx_word' id='word_1_263' title='bbox 1423 3928 1542 3983; x_wconf 92' lang='lat' dir='ltr'><strong>eorum,</strong></span> 
     </span>
    </p>
   </div>
   <div class='ocr_carea' id='block_1_3' title="bbox 457 4158 1544 4713">
    <p class='ocr_par' dir='ltr' id='par_1_4' title="bbox 457 4158 1544 4713">
     <span class='ocr_line' id='line_1_33' title="bbox 529 4158 1542 4231; baseline 0.002 -19"><span class='ocrx_word' id='word_1_264' title='bbox 529 4159 555 4212; x_wconf 78' lang='lat' dir='ltr'><strong>*i</strong></span> <span class='ocrx_word' id='word_1_265' title='bbox 578 4158 705 4211; x_wconf 80' lang='lat' dir='ltr'><strong>Miramur</strong></span> <span class='ocrx_word' id='word_1_266' title='bbox 728 4159 796 4208; x_wconf 83' lang='lat' dir='ltr'><strong>enim</strong></span> <span class='ocrx_word' id='word_1_267' title='bbox 814 4158 891 4211; x_wconf 84' lang='lat' dir='ltr'><strong>Astii</strong></span> <span class='ocrx_word' id='word_1_268' title='bbox 914 4163 1077 4231; x_wconf 80' lang='lat' dir='ltr'><strong>praeclarum</strong></span> <span class='ocrx_word' id='word_1_269' title='bbox 1100 4165 1244 4228; x_wconf 71' lang='lat' dir='ltr'><strong>ingenium.</strong></span> <span class='ocrx_word' id='word_1_270' title='bbox 1273 4165 1453 4231; x_wconf 74' lang='lat' dir='ltr'><strong>sagacitatem,</strong></span> <span class='ocrx_word' id='word_1_271' title='bbox 1483 4165 1542 4214; x_wconf 85' lang='lat' dir='ltr'><strong>‹lilt-</strong></span> 
     </span>
     <span class='ocr_line' id='line_1_34' title="bbox 461 4228 1544 4300; baseline 0.004 -21"><span class='ocrx_word' id='word_1_272' title='bbox 461 4228 585 4296; x_wconf 74' lang='lat' dir='ltr'><strong>gestiam.</strong></span> <span class='ocrx_word' id='word_1_273' title='bbox 623 4229 693 4278; x_wconf 90' lang='lat' dir='ltr'><strong>illud</strong></span> <span class='ocrx_word' id='word_1_274' title='bbox 711 4246 791 4285; x_wconf 82' lang='grc' dir='ltr'>ιιιιιιιι</span> <span class='ocrx_word' id='word_1_275' title='bbox 809 4231 946 4287; x_wconf 74' lang='lat' dir='ltr'><strong>vellemus,</strong></span> <span class='ocrx_word' id='word_1_276' title='bbox 965 4237 995 4280; x_wconf 90' lang='lat' dir='ltr'><strong>ui</strong></span> <span class='ocrx_word' id='word_1_277' title='bbox 1012 4230 1183 4283; x_wconf 85' lang='lat' dir='ltr'><strong>abstinuisset</strong></span> <span class='ocrx_word' id='word_1_278' title='bbox 1200 4232 1402 4300; x_wconf 72' lang='lat' dir='ltr'><strong>philosophandi</strong></span> <span class='ocrx_word' id='word_1_279' title='bbox 1421 4232 1544 4284; x_wconf 87' lang='lat' dir='ltr'><strong>libertate</strong></span> 
     </span>
     <span class='ocr_line' id='line_1_35' title="bbox 462 4295 1543 4369; baseline 0.005 -22"><span class='ocrx_word' id='word_1_280' title='bbox 462 4314 503 4358; x_wconf 83' lang='lat' dir='ltr'><strong>es,</strong></span> <span class='ocrx_word' id='word_1_281' title='bbox 526 4314 593 4365; x_wconf 77' lang='lat' dir='ltr'><strong>qnae</strong></span> <span class='ocrx_word' id='word_1_282' title='bbox 610 4295 761 4347; x_wconf 86' lang='lat' dir='ltr'><strong>historicam</strong></span> <span class='ocrx_word' id='word_1_283' title='bbox 786 4296 865 4348; x_wconf 71' lang='lat' dir='ltr'><strong>fldem</strong></span> <span class='ocrx_word' id='word_1_284' title='bbox 887 4301 1113 4352; x_wconf 81' lang='lat' dir='ltr'><strong>etauctoritatem</strong></span> <span class='ocrx_word' id='word_1_285' title='bbox 1138 4304 1230 4369; x_wconf 82' lang='lat' dir='ltr'><strong>utique</strong></span> <span class='ocrx_word' id='word_1_286' title='bbox 1252 4302 1382 4354; x_wconf 82' lang='lat' dir='ltr'><strong>subvertit</strong></span> <span class='ocrx_word' id='word_1_287' title='bbox 1407 4319 1490 4369; x_wconf 80' lang='lat' dir='ltr'><strong>noque</strong></span> <span class='ocrx_word' id='word_1_288' title='bbox 1514 4303 1543 4352; x_wconf 87' lang='lat' dir='ltr'><strong>iu</strong></span> 
     </span>
     <span class='ocr_line' id='line_1_36' title="bbox 461 4365 1540 4439; baseline 0.004 -26"><span class='ocrx_word' id='word_1_289' title='bbox 461 4365 639 4428; x_wconf 78' lang='lat' dir='ltr'><strong>grammaticis</strong></span> <span class='ocrx_word' id='word_1_290' title='bbox 662 4371 824 4414; x_wconf 82' lang='lat' dir='ltr'><strong>commentus</strong></span> <span class='ocrx_word' id='word_1_291' title='bbox 849 4372 929 4423; x_wconf 89' lang='lat' dir='ltr'><strong>esaei,</strong></span> <span class='ocrx_word' id='word_1_292' title='bbox 954 4367 1072 4434; x_wconf 82' lang='lat' dir='ltr'><strong>quaesi)</strong></span> <span class='ocrx_word' id='word_1_293' title='bbox 1099 4370 1169 4419; x_wconf 87' lang='lat' dir='ltr'><strong>omni</strong></span> <span class='ocrx_word' id='word_1_294' title='bbox 1195 4387 1257 4419; x_wconf 77' lang='lat' dir='ltr'><strong>nstra</strong></span> <span class='ocrx_word' id='word_1_295' title='bbox 1278 4370 1401 4439; x_wconf 65' lang='lat' dir='ltr'><strong>inquirendi</strong></span> <span class='ocrx_word' id='word_1_296' title='bbox 1421 4369 1540 4419; x_wconf 81' lang='lat' dir='ltr'><strong>observa·</strong></span> 
     </span>
     <span class='ocr_line' id='line_1_37' title="bbox 461 4433 1543 4505; baseline 0.006 -24"><span class='ocrx_word' id='word_1_297' title='bbox 461 4433 532 4482; x_wconf 80' lang='lat' dir='ltr'><strong>tissa</strong></span> <span class='ocrx_word' id='word_1_298' title='bbox 556 4433 681 4483; x_wconf 76' lang='lat' dir='ltr'><strong>recedant</strong></span> <span class='ocrx_word' id='word_1_299' title='bbox 713 4433 882 4499; x_wconf 76' lang='lat' dir='ltr'><strong>longissime,</strong></span> <span class='ocrx_word' id='word_1_300' title='bbox 905 4436 994 4500; x_wconf 80' lang='lat' dir='ltr'><strong>qualis</strong></span> <span class='ocrx_word' id='word_1_301' title='bbox 1020 4444 1082 4487; x_wconf 88' lang='lat' dir='ltr'><strong>sant</strong></span> <span class='ocrx_word' id='word_1_302' title='bbox 1107 4455 1174 4505; x_wconf 78' lang='lat' dir='ltr'><strong>quae</strong></span> <span class='ocrx_word' id='word_1_303' title='bbox 1200 4441 1293 4489; x_wconf 82' lang='lat' dir='ltr'><strong>statuit</strong></span> <span class='ocrx_word' id='word_1_304' title='bbox 1316 4441 1349 4489; x_wconf 88' lang='lat' dir='ltr'><strong>de</strong></span> <span class='ocrx_word' id='word_1_305' title='bbox 1373 4455 1423 4489; x_wconf 90' lang='lat' dir='ltr'><strong>usu</strong></span> <span class='ocrx_word' id='word_1_306' title='bbox 1449 4439 1543 4490; x_wconf 85' lang='lat' dir='ltr'><strong>aoristi</strong></span> 
     </span>
     <span class='ocr_line' id='line_1_38' title="bbox 463 4497 1541 4575; baseline 0.007 -28"><span class='ocrx_word' id='word_1_307' title='bbox 463 4497 637 4550; x_wconf 61' lang='lat' dir='ltr'><strong>imminenter.</strong></span> <span class='ocrx_word' id='word_1_308' title='bbox 657 4502 689 4550; x_wconf 86' lang='lat' dir='ltr'><strong>ad</strong></span> <span class='ocrx_word' id='word_1_309' title='bbox 710 4501 845 4567; x_wconf 74' lang='lat' dir='ltr'><strong>Protegat.</strong></span> <span class='ocrx_word' id='word_1_310' title='bbox 869 4519 896 4567; x_wconf 84' lang='lat' dir='ltr'><strong>p.</strong></span> <span class='ocrx_word' id='word_1_311' title='bbox 917 4502 952 4553; x_wconf 74' lang='lat' dir='ltr'><strong>lt</strong></span> <span class='ocrx_word' id='word_1_312' title='bbox 967 4520 1007 4572; x_wconf 81' lang='lat' dir='ltr'><strong>sq.</strong></span> <span class='ocrx_word' id='word_1_313' title='bbox 1031 4505 1076 4556; x_wconf 87' lang='lat' dir='ltr'><strong>ubi</strong></span> <span class='ocrx_word' id='word_1_314' title='bbox 1095 4508 1157 4575; x_wconf 84' lang='lat' dir='ltr'><strong>qnia</strong></span> <span class='ocrx_word' id='word_1_315' title='bbox 1176 4509 1288 4558; x_wconf 87' lang='lat' dir='ltr'><strong>soristus</strong></span> <span class='ocrx_word' id='word_1_316' title='bbox 1306 4506 1457 4559; x_wconf 80' lang='lat' dir='ltr'><strong>aissolotusss</strong></span> <span class='ocrx_word' id='word_1_317' title='bbox 1478 4514 1541 4556; x_wconf 88' lang='lat' dir='ltr'><strong>tem·</strong></span> 
     </span>
     <span class='ocr_line' id='line_1_39' title="bbox 457 4568 1542 4639; baseline 0.01 -26"><span class='ocrx_word' id='word_1_318' title='bbox 457 4583 510 4639; x_wconf 79' lang='lat' dir='ltr'><strong>psas</strong></span> <span class='ocrx_word' id='word_1_319' title='bbox 528 4568 652 4624; x_wconf 76' lang='lat' dir='ltr'><strong>denotet,</strong></span> <span class='ocrx_word' id='word_1_320' title='bbox 683 4572 759 4619; x_wconf 83' lang='lat' dir='ltr'><strong>etiarn</strong></span> <span class='ocrx_word' id='word_1_321' title='bbox 785 4570 963 4621; x_wconf 74' lang='lat' dir='ltr'><strong>necessitatem</strong></span> <span class='ocrx_word' id='word_1_322' title='bbox 993 4573 1106 4626; x_wconf 87' lang='lat' dir='ltr'><strong>actionis</strong></span> <span class='ocrx_word' id='word_1_323' title='bbox 1135 4575 1259 4627; x_wconf 83' lang='lat' dir='ltr'><strong>denotare</strong></span> <span class='ocrx_word' id='word_1_324' title='bbox 1286 4576 1426 4628; x_wconf 83' lang='lat' dir='ltr'><strong>indicatur.</strong></span> <span class='ocrx_word' id='word_1_325' title='bbox 1461 4575 1542 4639; x_wconf 81' lang='lat' dir='ltr'><strong>Quod</strong></span> 
     </span>
     <span class='ocr_line' id='line_1_40' title="bbox 460 4638 1395 4713; baseline 0.013 -30"><span class='ocrx_word' id='word_1_326' title='bbox 460 4638 695 4704; x_wconf 66' lang='lat' dir='ltr'><strong>argentoiali-nis</strong></span> <span class='ocrx_word' id='word_1_327' title='bbox 713 4639 804 4688; x_wconf 80' lang='lat' dir='ltr'><strong>viriosa</strong></span> <span class='ocrx_word' id='word_1_328' title='bbox 822 4639 918 4690; x_wconf 82' lang='lat' dir='ltr'><strong>iterum</strong></span> <span class='ocrx_word' id='word_1_329' title='bbox 934 4641 1082 4711; x_wconf 74' lang='lat' dir='ltr'><strong>iteransque</strong></span> <span class='ocrx_word' id='word_1_330' title='bbox 1099 4644 1222 4713; x_wconf 77' lang='lat' dir='ltr'><strong>deinceps</strong></span> <span class='ocrx_word' id='word_1_331' title='bbox 1238 4645 1395 4699; x_wconf 74' lang='lat' dir='ltr'><strong>inculcator.</strong></span> 
     </span>
    </p>
   </div>
   <div class='ocr_carea' id='block_1_4' title="bbox 0 0 1892 5442">
    <p class='ocr_par' dir='ltr' id='par_1_5' title="bbox 0 0 1892 5442">
     <span class='ocr_line' id='line_1_41' title="bbox 0 0 1892 5442; baseline 0 3"><span class='ocrx_word' id='word_1_332' title='bbox 0 0 1892 5442; x_wconf 95' lang='lat' dir='ltr'><strong> </strong></span> 
     </span>
    </p>
   </div>
  </div>
 </body>
</html>
