3775 5442
697 628 783 689 Liber
804 633 917 691 tertius.
962 630 1063 691 Sectio
1077 631 1111 692 li.
1220 669 1224 681 ·
1378 636 1441 703 tul

361 790 402 858 τὸ
424 792 587 883 πρότερον
609 795 788 882 ἐπεδήμησε
811 798 1095 885 ὲκΚλαζομενῶνι
1118 806 1200 867 unde
1217 806 1296 867 illud
1318 807 1443 893 quidem

362 907 450 976 certe
478 902 679 983 intelligitur,
716 924 783 965 essm
815 904 867 964 diu
892 905 1086 968 Clazomenis
1113 927 1218 969 rerum
1239 928 1365 972 asomum
1386 912 1441 974 lna-
1473 961 1478 972 .

359 1005 466 1067 baisse
489 1006 696 1068 domicilium:
719 1005 801 1088 quod
823 1007 1059 1091 inceplnaium,
1082 1011 1195 1092 Lysiae
1211 1018 1343 1093 patrem,
1366 1034 1441 1076 neu-

359 1108 476 1187 tiquam
499 1112 652 1186 convenit,
675 1130 764 1191 quem
787 1110 960 1191 occepimus
983 1113 1104 1194 0lymp.
1127 1113 1268 1180 Lxxvl.
1289 1115 1321 1176 4.
1349 1116 1441 1198 Syra-

359 1212 442 1273 cusis
470 1213 607 1276 Athenas
635 1214 870 1294 commigrasse,
899 1214 1006 1296 ibique
1028 1217 1173 1297 deinceps
1194 1217 1322 1298 triginta
1344 1239 1441 1284 annos
1508 1258 1514 1268 s

358 1317 470 1379 aetatis
497 1318 694 1399 transegisse.
723 1337 750 1377 a.
778 1314 886 1395 Lysias
913 1319 983 1383 adv.
1012 1319 1210 1382 Eratostheu.
1240 1340 1279 1402 p.
1293 1322 1364 1385 12⁰.
1386 1324 1442 1393 2⁰.

358 1419 432 1481 coll.
454 1421 591 1483 Clinton.
622 1421 705 1482 Faat.
733 1418 1209 1502 Hellen..p.57.ed,lir1iger.
1259 1424 1294 1487 ln
1320 1427 1441 1505 eadem,

358 1543 420 1602 qiua
441 1543 509 1599 uos,
532 1522 687 1586 sententia
707 1521 768 1582 fuit
780 1520 909 1583 Procius
931 1523 968 1586 ’1.
989 1523 1045 1589 lV.
1066 1545 1097 1605 p.
1111 1526 1151 1586 18
1164 1545 1210 1605 sq.
1233 1531 1265 1587 et
1285 1546 1316 1607 p.
1328 1528 1439 1594 atad.

356 1626 452 1687 Cous.
475 1626 528 1705 qui
549 1630 675 1705 praeter
696 1624 756 1685 alia
777 1624 952 1686 verissime:
982 1623 1000 1687 ὁ
1023 1623 1203 1716 Ἀντιφῶν,
1223 1629 1340 1710 iuquit,
1361 1627 1440 1707 τοὺς

356 1723 481 1810 λόγους
504 1721 689 1809 διηγήσατο
703 1727 759 1789 καὶ
780 1719 882 1802 αὐτὸς
904 1720 1020 1802 ἄλλοις
1035 1726 1276 1814 Κλαζομενίοις
1298 1728 1441 1815 ἀνδράσι

352 1823 396 1892 τὸ
435 1829 633 1922 princepale
661 1829 758 1916 ἔργον
784 1823 1010 1910 ποιουμένοις.
1046 1835 1081 1895 ὲκ
1113 1834 1173 1911 τῆς
1207 1835 1268 1896 τοῦ
1301 1816 1439 1913 Ἀναξα-

354 1926 465 2016 γόρου
487 1930 705 2007 διδασκαλίας
725 1926 892 2010 Ἀθήναζε
914 1927 1143 2020 ἀφικομένοις.
1197 1936 1232 1998 [n
1255 1939 1440 2002 centuriam

353 2035 544 2097 sententiam
570 2035 697 2099 inclinat
725 2035 829 2097 (iroeu
856 2053 884 2098 a.
913 2035 1064 2103 Prinater.
1096 2037 1284 2120 Prosopogr.
1313 2060 1343 2121 p.
1366 2039 1440 2107 112.

354 2138 443 2202 cuius
477 2144 579 2200 tamen
612 2144 792 2218 argumenta
826 2155 938 2201 vereor
972 2146 1007 2202 ut
1035 2142 1164 2229 multum
1199 2142 1349 2221 ponderis
1384 2142 1439 2206 lna-

354 2243 461 2305 beant.

439 2343 544 2405 Maior
565 2343 716 2405 dubitatio
739 2349 787 2405 est
809 2344 849 2405 de
870 2346 1036 2408 Adimanto
1058 2349 1092 2404 et
1113 2343 1281 2422 Glaucone,
1305 2367 1437 2427 quornm

355 2448 455 2509 frater
477 2467 513 2508 ex
536 2451 636 2509 matre
657 2448 814 2526 Antiphon
835 2447 935 2509 fuisse
956 2449 1148 2528 perhibetur.
1172 2448 1231 2526 Qui
1255 2469 1347 2529 qurum
1370 2450 1439 2513 siue

353 2552 417 2613 ulla
456 2553 580 2632 generis
613 2551 771 2611 mentione
805 2558 1102 2625 commemorentur,
1135 2549 1236 2629 primo
1270 2560 1355 2613 certe
1383 2554 1438 2615 ad-

354 2661 463 2735 spectu
492 2674 596 2716 nemo.
612 2654 751 2729 dubitet,
788 2654 860 2731 quin
888 2653 1003 2716 iratres
1033 2652 1131 2733 ipsius
1152 2653 1291 2717 Platonis
1320 2656 1436 2719 iutelli-

353 2757 449 2840 gendi
469 2759 541 2834 siut,
565 2758 604 2818 de
629 2760 742 2838 quibus
763 2761 835 2836 post
857 2757 935 2818 allos
958 2755 1106 2840 singulari
1129 2774 1197 2816 cum
1212 2755 1372 2837 diligentia
1386 2777 1437 2820 ex·

353 2861 461 2942 posuit
473 2862 580 2924 Groeu
592 2881 650 2921 vau
662 2862 838 2922 Prinstcrer
848 2859 1100 2939 Prosopograpln.
1111 2857 1234 2921 Platon.
1256 2878 1287 2937 p.
1300 2861 1362 2920 2θῖ
1370 2881 1436 2941 sqq.

356 2965 460 3045 Atque
483 2965 528 3026 ita
557 2971 643 3025 certe
671 2968 846 3024 statuerunt
872 2962 1057 3026 Plutarchus
1090 2963 1130 3024 de
1157 2961 1308 3022 Fraterno
1331 2963 1437 3026 Amor.

353 3088 386 3149 p.
414 3067 486 3132 481.
499 3069 537 3133 li.
561 3070 610 3130 ed.
637 3067 747 3130 Frauc.
781 3073 875 3148 atqua
906 3066 1036 3128 Procius
1064 3066 1085 3130 l.
1119 3085 1144 3126 c.
1173 3085 1203 3144 p.
1226 3063 1278 3130 (ii.
1306 3083 1437 3145 quorum

351 3153 419 3234 me.
434 3172 658 3252 Antiphontem
687 3171 826 3233 Platonis
848 3170 978 3230 fratrem
1006 3176 1080 3231 natu
1108 3169 1266 3230 minimum
1290 3169 1435 3249 appellat.

350 3275 524 3337 verissime
545 3281 648 3335 tamen
669 3273 944 3337 Schleiermaclnerl
967 3293 1094 3336 acumen
1117 3272 1276 3354 perspexit
1298 3273 1342 3334 ita
1360 3290 1434 3337 neu·

350 3379 470 3458 tiquam
491 3377 640 3458 intelligi,
667 3379 720 3459 qui
741 3378 901 3460 Antiphon
922 3379 1062 3458 potuerit
1089 3376 1264 3439 conversari
1286 3397 1355 3438 cum
1376 3377 1436 3460 Ρ]-

349 3481 499 3553 thodoro,
522 3480 656 3545 Zenonis
678 3484 787 3557 amico,
809 3482 849 3543 ad
872 3501 963 3561 quem
980 3481 1181 3543 Parmenides
1203 3483 1236 3540 et
1256 3478 1342 3539 Zeno
1364 3497 1435 3542 nar-

350 3589 461 3644 rantur
483 3582 671 3661 deaertisse,
702 3606 762 3666 quo
792 3592 934 3665 tempore
962 3580 1106 3645 Socrates
1127 3583 1177 3642 vix
1198 3581 1437 3662 puerilllaetats‘

351 3688 546 3749 exemisset.
591 3688 742 3765 Quocirca
769 3688 945 3768 neutiquam
976 3687 1122 3748 miramur
1148 3686 1269 3746 Aetium
1297 3683 1330 3745 in
1350 3685 1434 3749 libro

352 3791 392 3852 de
413 3789 488 3852 Vita
510 3796 543 3852 et
564 3790 693 3870 Scriptis
714 3789 851 3867 Platonis
880 3813 910 3872 p.
933 3792 1007 3854 244.
1037 3790 1103 3852 sine
1130 3787 1334 3850 haesitatione
1361 3807 1436 3873 pro,

351 3893 549 3966 nuntiavisse,
573 3893 759 3954 Glauconem
783 3895 875 3956 istum
899 3902 931 3956 et
952 3895 1150 3957 Adimantum
1172 3891 1347 3952 al’lstonis
1370 3890 1435 3953 trs-

351 3997 452 4058 tribus
475 3997 581 4075 utique
604 4015 673 4058 esse
695 3997 841 4061 diversos.
887 3999 1031 4079 Quamvis
1054 3998 1134 4059 enim
1156 4014 1178 4076 p
1207 3992 1325 4056 ledii.
1346 3992 1434 4056 Anti·

351 4101 436 4179 phon
458 4106 602 4160 narretur
629 4093 800 4179 ιιειριέκιοι
822 4093 868 4165 (ὃν
891 4095 968 4175 τοὺς
991 4095 1111 4181 λόγους
1134 4098 1295 4175 (Zenonis,
1309 4096 1435 4159 Perme-

351 4204 432 4266 nidls
455 4209 548 4284 atque
571 4201 724 4274 Sacratis)
754 4190 788 4265 εὖ
813 4197 906 4285 puin
930 4202 1180 4284 decuriarum,
1202 4205 1306 4262 tamen
1327 4216 1368 4261 ne
1382 4180 1436 4261 'sic

352 4306 477 4385 quiidem
499 4315 673 4386 temporum
695 4305 832 4369 rationes
854 4307 1057 4375 conveniunt3
1080 4322 1155 4383 quas
1172 4304 1232 4364 etsi
1246 4302 1337 4363 Plato
1352 4301 1435 4362 haud

348 4428 423 4471 raro
457 4410 613 4484 conludit,
653 4414 755 4469 tamen
789 4428 900 4471 remor
935 4429 977 4472 ue
1003 4407 1094 4470 nimia
1122 4407 1292 4470 violaturus
1322 4404 1437 4485 luisset

348 4511 438 4592 leges
460 4511 754 4586 verisimilitudinis,
784 4514 811 4574 sl
832 4513 1054 4594 Antiphontem
1078 4509 1342 4573 adolescentulum
1364 4496 1433 4571 cum
1476 4522 1478 4525 ’

347 4614 533 4696 Pythodoro
570 4617 734 4680 convenire
765 4617 907 4682 iussisset
929 4616 1066 4681 Socratis
1101 4607 1177 4678 item
1210 4612 1434 4678 adolescentuli
