3775 5442
526 647 529 652 ’
581 678 585 683 ·
635 649 719 708 iiber
740 649 893 707 nonnudan.
938 562 1040 706 ME
1061 643 1112 712 ill.
1348 647 1412 710 288

328 820 373 893 id,
395 819 476 899 quod
498 819 613 893 voluit,
634 837 696 881 non
719 826 904 882 oonaeoutun
932 825 990 882 ent
1042 817 1118 879 Nam
1141 835 1221 896 quoe
1242 819 1281 879 ab
1303 819 1414 884 illan

328 926 432 985 mutae
451 927 526 984 nunt
546 921 767 995 dubitationes,
790 941 846 983 eae
868 929 1016 1002 percepto
1038 919 1259 1000 disputationis
1288 921 1329 983 da
1349 941 1413 986 uno

328 1032 422 1104 atque
444 1024 559 1086 oeterla
580 1029 763 1105 argumento
785 1031 897 1105 nponto
918 1024 1083 1087 eouoidant
1098 1015 1298 1087 neoeaaeeot.
1322 1027 1414 1105 Quod

328 1126 455 1206 quidem
476 1126 521 1186 ita
542 1125 758 1189 demonstrare
780 1128 914 1189 animum
937 1127 1122 1201 induximur,
1146 1132 1182 1186 ut
1202 1128 1339 1210 ninguido
1361 1148 1414 1191 or·

327 1231 403 1290 dine
425 1229 571 1309 deinceps
594 1248 830 1311 percenseamus
852 1236 885 1290 et
907 1230 947 1291 nd
969 1249 1107 1290 normam
1138 1230 1176 1289 ab
1197 1229 1266 1310 ipso
1288 1209 1414 1294 Parme

327 1332 419 1400 nido,
448 1332 508 1394 hoo
535 1341 585 1395 aot
610 1335 756 1408 Platone,
786 1333 900 1394 deinde
926 1333 1117 1413 propositam
1146 1333 1320 1414 exigamur,
1351 1354 1415 1416 quo

328 1436 454 1510 olariur,
477 1443 624 1515 qnantum
646 1438 686 1500 iio
707 1436 857 1498 momenti
876 1437 1076 1499 tribuendum
1097 1436 1150 1509 uit,
1172 1435 1387 1517 perapiointur.

416 1539 459 1601 ilt
486 1539 619 1619 primum
648 1539 771 1618 quidem
801 1538 995 1599 Parmenidi·
1019 1544 1252 1619 argumentum,
1275 1557 1416 1603 ererum

327 1643 521 1724 quarundam
548 1642 669 1703 uilitate
696 1661 734 1702 ao
760 1641 957 1722 turpitudine
985 1646 1093 1702 contra
1113 1642 1202 1703 idean
1222 1641 1354 1722 petitum
1370 1641 1416 1721 *),

327 1748 403 1827 quia
432 1747 471 1805 ab
498 1746 567 1824 ipro
588 1744 698 1806 Elauia
718 1745 867 1821 protendo
889 1743 1167 1809 labefactaturum
1195 1761 1338 1805 murnum
1357 1752 1418 1821 ent,

325 1863 390 1912 noa
412 1847 538 1908 minime
558 1852 705 1910 moratur.
746 1846 971 1928 Progredimur
991 1846 1087 1928 igitur
1108 1849 1148 1910 ad
1169 1848 1298 1911 alteram
1326 1849 1419 1911 dubi·

326 1947 558 2027 tationem**),
580 1966 659 2029 quae
680 1956 800 2031 apeotnt
821 1949 861 2010 od
883 1949 1024 2012 idearum
1046 1970 1113 2012 ou·
1135 1953 1232 2013 reboo
1253 1953 1417 2035 adapaotn·

327 2054 448 2118 bilibua
470 2051 726 2126 ooniuuotionom.
780 2052 1018 2116 contendebant
1039 2053 1123 2116 onim
1145 2053 1286 2117 Platoni·
1308 2054 1419 2116 adver,-

328 2157 421 2232 onrii,
456 2155 546 2217 idone
579 2155 644 2216 nivo
674 2162 761 2218 totae
789 2157 854 2219 aire
885 2156 1093 2237 partierrlatim
1125 2157 1158 2218 in
1185 2158 1281 2218 rebua
1313 2157 1419 2220 ianuae

329 2277 432 2341 eoque
461 2259 557 2320 modo
583 2276 653 2320 num
680 2259 720 2321 iio
749 2261 812 2323 vim
838 2279 925 2325 uuam
965 2260 1195 2323 oommuoioare
1227 2261 1417 2337 dicerentur,

330 2370 473 2430 neutram
501 2363 685 2424 senonum
713 2383 785 2426 enno
812 2362 984 2440 einamodl,
1017 2367 1054 2424 ut
1080 2379 1145 2423 nou
1170 2361 1277 2444 inepto
1303 2369 1336 2426 ot
1363 2365 1419 2427 ab·

330 2465 427 2529 burda
448 2464 548 2529 videri
569 2462 710 2529 deberet.
762 2469 849 2547 Quae
869 2464 1076 2548 reprehendo
1097 2467 1275 2528 ouriuanla
1297 2467 1340 2528 ait
1360 2485 1420 2529 aeo

330 2571 365 2632 in
384 2569 452 2631 eiua
474 2568 646 2631 deornm
673 2569 782 2645 nudat,
817 2588 856 2632 ox
881 2566 1074 2631 Parmenidi·
1105 2566 1145 2629 do
1167 2587 1228 2630 uno
1250 2575 1284 2631 ot
1304 2571 1420 2633 ueteris

330 2671 543 2753 'dioputatioue
565 2676 695 2750 npparet
716 2671 955 2734 evidentlnoime.
1005 2669 1158 2731 Nimirum
1179 2670 1255 2732 ialoi
1278 2677 1352 2738 aaut
1372 2673 1421 2734 1111

332 2773 463 2859 namne
491 2774 524 2835 iu
555 2791 610 2848 eo,
641 2775 726 2853 quod
753 2773 916 2836 Platonem
943 2778 1132 2834 rennuerunt
1161 2772 1301 2834 idearum
1332 2774 1421 2853 quani

334 2860 494 2939 maiolum
517 2875 686 2955 quandam,
715 2896 733 2938 ι
754 2878 849 2939 rebus
871 2872 1135 2955 ndnpeotabiiibuu
1158 2874 1327 2949 direream,
1350 2894 1421 2938 oum

334 2977 387 3040 bia
409 2980 625 3040 communicari
651 2984 684 3040 et
712 2982 744 3043 in
773 3001 867 3043 unum
895 2977 1024 3042 ooniiari
1045 2977 1191 3041 volutare.
1240 2978 1332 3056 Quod
1353 2983 1422 3039 tnn-

332 3086 401 3142 tum
428 3082 517 3142 ebert
546 3089 580 3142 ut
607 3082 696 3144 Plato
725 3084 886 3158 statuerit,
914 3088 950 3144 ut
977 3080 1194 3143 tantummodo
1222 3089 1421 3144 aeternarum

331 3184 456 3246 illarum
478 3185 651 3263 specierum
672 3187 733 3247 vim
755 3189 908 3266 quandam
929 3190 963 3248 et
975 3185 1177 3247 efficientiam
1195 3185 1227 3246 in
1243 3192 1348 3247 mente
1364 3186 1420 3248 ira·

331 3288 447 3363 buedt,
470 3290 569 3369 qualis
590 3288 660 3349 lere
681 3297 730 3353 eet
751 3293 923 3367 notionum,
946 3289 1059 3370 quibua
1081 3306 1187 3350 rorum
1209 3290 1247 3351 iia
1265 3291 1420 3353 aubieoto-

332 3410 401 3455 rnm
430 3399 573 3454 naturam
601 3396 901 3475 comprehenditque.
957 3390 1118 3471 Quidquid
1150 3389 1231 3452 enim
1260 3394 1363 3455 animo
1386 3401 1419 3457 et

332 3494 522 3576 nngltntione
543 3497 749 3577 oonoipimun,
771 3499 804 3560 id
826 3496 972 3578 quoniam
997 3499 1047 3555 eat
1066 3492 1097 3553 in
1120 3509 1154 3555 ao
1176 3493 1327 3572 simplex,
1349 3515 1422 3577 per.

333 3605 478 3679 potuum
501 3600 708 3678 immutabile,
731 3603 826 3677 illiue,
850 3600 935 3681 quod
957 3616 976 3659 a
996 3602 1122 3656 terrena
1144 3597 1273 3658 materis
1294 3616 1420 3679 oompo-

333 3701 445 3778 nilum,
466 3701 584 3765 ilunum
606 3713 638 3766 et
659 3708 808 3769 mutabile
831 3710 894 3780 eet,
917 3701 1005 3783 quani
1025 3699 1191 3779 imperium
1214 3700 1370 3780 quoddam
1389 3710 1422 3765 et

333 3805 541 3886 prinoipatum
563 3807 680 3871 habero
701 3815 836 3891 oportet.
892 3804 1045 3886 Quocirca
1066 3803 1275 3885 pbilosopbua
1294 3805 1343 3866 illi
1364 3807 1421 3866 tri·

333 3909 404 3973 buit
425 3910 486 3971 vim
515 3912 626 3991 ngendl
649 3913 884 4000 esuriendique,
914 3912 958 3972 lta
980 3914 1016 3972 ut
1037 3927 1072 3970 ao
1093 3909 1194 3988 ipsum
1217 3913 1345 3969 externa
1365 3909 1422 3970 nli·

334 4032 396 4094 quo
422 4016 529 4096 npeoie
557 4017 641 4078 velut
669 4017 836 4098 effingeret
862 4035 899 4077 ae
926 4015 1192 4094 repraesentarem
1225 4009 1287 4072 boo
1318 4017 1423 4074 autem

333 4118 435 4179 noluit
456 4137 527 4181 eane
547 4120 693 4199 patibile,
722 4120 807 4199 quod
833 4120 1005 4182 formarum
1027 4115 1183 4177 eonentlao
1203 4112 1423 4177 intelleotunlin

334 4219 426 4300 quui
446 4241 500 4283 ιιι
521 4223 647 4303 uliqnod
670 4228 754 4286 eruet
786 4243 823 4286 oe
849 4219 1090 4304 reeeptnouium.
1149 4216 1218 4277 ileo
1237 4217 1334 4296 igitur
1361 4233 1424 4280 non

335 4331 547 4407 perueporunt
573 4326 712 4390 Platonio
739 4328 1001 4413 reprebenuoreo,
1029 4325 1199 4403 proptera
1223 4319 1309 4401 quod
1335 4319 1423 4384 idean

407 4581 434 4644 ι)
451 4580 480 4632 ι.
500 4579 670 4635 reon-n

391 4649 433 4718 u)
450 4649 479 4700 a.
500 4648 752 4701 raon-rann.
