3775 5442
658 669 1060 738 1NPARMEN10EM,
1333 673 1398 734 ’ίδδ

319 840 368 913 τη“ν
386 843 513 914 μέθεξιν,
544 837 614 916 όμσῧ
634 842 663 899 δέ
685 842 731 899 καί
752 841 904 914 συνεκτικὴν
925 842 979 898 τῶν
999 842 1189 916 ὁμοιωθέντων
1210 845 1256 902 καί
1277 869 1397 924 φρουρη-

320 944 393 1016 τικὴν
413 946 459 1002 καὶ
479 944 673 1020 τελεσιουργόν,
694 943 801 1003 ὃκαίό
822 948 932 1020 Τίμαιος
953 943 1086 1002 διδάσκων
1107 949 1204 1004 τέλειον
1225 946 1274 1005 τόν
1295 948 1398 1024 κόσμον

319 1049 403 1121 ἔφατο
430 1051 562 1123 γενέσθαι
588 1049 635 1105 καὶ
662 1043 759 1106 ἄλυτον
787 1047 832 1104 διὰ
858 1047 906 1120 τήν
932 1048 1003 1124 πρός
1023 1048 1053 1106 τό
1075 1054 1199 1116 παντελές
1221 1046 1304 1108 αδτοῦ
1328 1051 1398 1119 ζῶον

319 1156 481 1226 ἐξομοίωσιν.
523 1149 626 1225 μήποτε
653 1155 681 1209 δέ
709 1153 756 1209 καὶ
784 1149 798 1208 ό
822 1150 967 1227 Σωκράτης
994 1152 1122 1227 ὁμοίωσιν
1149 1152 1196 1226 την
1223 1155 1324 1228 γνῶσιν
1350 1155 1397 1226 τὴν

318 1259 427 1330 μέθεξιν
455 1253 538 1312 είπῶν
563 1254 652 1313 πάντα
679 1258 831 1331 περιέλαβε·
866 1254 900 1311 τό
927 1255 982 1330 γὰρ
1016 1253 1177 1330 όμοιοδμενα
1204 1265 1260 1324 τοῖς
1287 1259 1397 1317 ἑστῶσα

318 1353 402 1414 ἄλυτα
424 1354 575 1432 άναγκαῒον
602 1355 668 1416 εἶναι
697 1360 743 1416 καὶ
772 1361 936 1428 συνέχεσθαι
963 1364 993 1416 ἐν
1019 1364 1075 1423 τοῖς
1103 1361 1206 1418 ἑαυτῶν
1233 1360 1325 1436 λόγοις
1350 1362 1397 1420 καί

320 1468 503 1538 φρουρεῖσθαι
524 1460 593 1518 κατὰ
613 1461 660 1534 τὴν
682 1459 776 1520 οὐσίαν
795 1460 847 1520 ὑπ’
870 1459 966 1528 αὐτῶν,
988 1459 1006 1532 ἢ
1028 1458 1077 1520 οδκ
1100 1460 1134 1518 όν
1154 1453 1216 1542 ᾖῑ)
1238 1465 1320 1540 ὅμοια
1342 1471 1397 1532 τοῖς

319 1564 412 1621 ἑστῶσι
439 1566 471 1643 τῇ
501 1561 604 1640 ἇστότιμ
631 1568 730 1639 γενέσει
759 1564 947 1641 συμφερόμενα
974 1566 1020 1622 καί
1049 1564 1133 1644 πάντη
1163 1563 1322 1643 σκιδνάμενα
1342 1563 1396 1640 ἀφ’

319 1669 429 1733 ἑαυτῶν,
474 1665 535 1725 οὐδ’
557 1668 591 1726 ῶν
611 1674 696 1726 ἐκεῖνα
719 1664 848 1740 οἷκινητως
869 1671 907 1739 εἴη
929 1670 1144 1744 παραδείγματα,
1164 1671 1199 1743 μὴ
1223 1662 1310 1728 τίλλων
1331 1666 1397 1727 ὄντα

319 1771 449 1830 τοιούτων
470 1774 691 1848 παραδείγματα,
712 1773 757 1830 ἵνα
779 1772 826 1827 καί
846 1770 927 1844 όμοια
949 1759 967 1848 ᾖ
989 1777 1044 1838 τοῖς
1066 1767 1213 1843 άκινητσις,
1244 1772 1314 1831 ὅθεν
1336 1770 1398 1831 οὗδέ

319 1876 372 1931 τῶν
392 1876 506 1953 μερικῶς
525 1877 688 1952 γιγνομένων
708 1879 830 1949 ἐλέγομεν
851 1874 922 1939 ι’δέας
943 1869 1026 1941 εἶναι,
1059 1873 1149 1947 μόνων
1170 1878 1198 1931 δέ
1222 1874 1272 1931 τῶν
1294 1880 1322 1931 έν
1343 1881 1397 1941 τοῖς

318 1985 454 2052 γεννητοῖς
475 1981 521 2037 καί
543 1976 666 2044 άοτάτοις
688 1973 787 2037 άίδίων.
817 1976 852 2052 μέγ
877 1966 925 2036 οέν
945 2000 985 2042 τις
1006 1975 1067 2050 ἡμῖν
1089 1975 1234 2044 όνειδνζέτω
1256 1978 1285 2034 τό
1309 1968 1396 2053 όνομα

317 2082 370 2136 τῶν
392 2081 617 2158 παραδειγμάτων
639 2080 674 2149 ῶς
693 2079 887 2157 μεταφορικόν,
916 2083 954 2145 εἷς
974 2077 1008 2135 τά
1029 2080 1089 2156 τῇδε
1111 2082 1315 2157 παραδείγματα
1336 2085 1397 2157 fili-
1410 2071 1467 2125 ¹64

320 2208 393 2251 πων,
422 2185 543 2257 αἶσθητόι
571 2181 636 2244 όντα
662 2184 708 2242 καί
736 2181 840 2259 ἀδρανῆ
859 2179 1033 2259 δπόρχσντα,
1061 2184 1108 2240 καὶ
1129 2179 1215 2243 ἄλλων
1235 2188 1325 2258 έπιδεη
1345 2187 1399 2243 τῶν

321 2288 388 2365 πρός
410 2285 478 2345 αιἰτά
501 2287 659 2350 ποιούντων,
688 2287 735 2343 καὶ
757 2285 810 2362 γάρ
833 2283 849 2342 δ
871 2284 1017 2362 Σωκράτης
1040 2282 1090 2356 οὗχ
1113 2285 1206 2355 ἅπλῶς
1229 2287 1284 2348 εἶπε
1308 2315 1399 2368 παρα-

319 2393 446 2466 δείγματα
474 2392 506 2449 τιὶ
529 2395 598 2462 εἴδη,
627 2388 689 2447 ἄλλ’
712 2389 797 2464 όίςπερ
819 2382 1039 2465 παραδείγματα·
1075 2391 1154 2447 τοῦτο
1177 2395 1204 2449 δέ
1227 2391 1332 2470 ιίναιρεῖ
1350 2399 1399 2469 μέν

319 2495 372 2551 τῶν
394 2494 522 2567 συνήθων
542 2493 606 2566 ἡμῖν
627 2489 851 2566 παραδειγμάτων
871 2490 920 2562 τήν
942 2487 1042 2565 ι’ίγονον
1063 2492 1109 2547 καί
1128 2488 1316 2568 ῶντεψυγμένην
1331 2521 1400 2573 μορ-

319 2594 388 2669 φήν,
417 2599 575 2670 ἐνδείκνυται
597 2597 625 2649 δὲ
646 2594 695 2663 τήν
716 2592 893 2668 πρωτουργόν
913 2596 940 2648 έν
961 2600 1017 2658 τοῖς
1045 2597 1123 2653 εἴδεσι
1143 2597 1197 2653 τῶν
1218 2596 1327 2654 εἰκόνιον
1348 2599 1399 2674 γό-

321 2723 397 2774 νιμον
418 2698 510 2775 ἀργήν.
553 2693 618 2772 μηδ’
647 2685 682 2752 αδ
711 2696 854 2763 διοικιζέτον
880 2696 964 2771 χωρίς
992 2693 1025 2752 τό
1051 2720 1078 2753 τε
1107 2697 1277 2774 παράδειγμα
1300 2702 1347 2757 καί
1368 2702 1397 2758 τό

320 2801 425 2867 ποιοῦν,
448 2797 509 2857 ἀλλ’
526 2806 553 2856 ἐν
570 2801 607 2858 ἑνί
629 2797 772 2875 συλλαβῶν
786 2795 925 2874 ἀμφότερα
944 2804 1095 2876 θεωρείτω·
1118 2803 1164 2857 καὶ
1179 2801 1233 2877 γάρ
1255 2801 1285 2859 τό
1309 2802 1399 2880 παρά-

319 2909 414 2979 δειγμα
442 2903 511 2960 κατὰ
538 2903 583 2976 την
611 2900 707 2962 ὀὐσίαν
734 2899 817 2975 αὗτην
842 2901 969 2976 δφίστησι
996 2902 1027 2960 τό
1050 2901 1120 2980 πρός
1141 2900 1207 2961 αὐτό
1230 2903 1398 2980 γιγνόμενον,

319 3010 366 3067 καί
387 3008 417 3065 τό
441 3008 538 3065 ποιοῦν
559 3004 633 3084 αὗτῷ
653 3009 690 3083 τῷ
711 3002 779 3064 εἶναι
807 3006 906 3065 ποιοῦν
927 3007 973 3064 καὶ
995 3006 1063 3084 πρός
1084 3006 1162 3065 ἑαυτό
1185 3007 1215 3067 τό
1237 3006 1399 3084 γιγνόμενον

318 3108 462 3178 ιίτεικιίζον
489 3113 534 3167 καί
562 3114 689 3189 δευτέρως
714 3114 802 3185 ἐκείνῳ
830 3109 1025 3186 παρεχόμενον,
1056 3110 1108 3168 ι’ίσα
1134 3115 1162 3168 ίν
1191 3109 1264 3188 αὐτῷ
1286 3111 1398 3189 πρῶτος

319 3220 402 3282 ἐστίν,
436 3215 472 3281 είς
498 3214 546 3287 τίην
571 3217 621 3275 τοῦ
647 3218 863 3292 παραδείγματος
890 3218 1057 3273 καθίσταται
1079 3215 1125 3271 καί
1146 3211 1211 3272 αδτό
1234 3214 1322 3283 τάξιν,
1351 3217 1398 3274 καὶ

321 3321 348 3378 τό
370 3324 418 3395 μέν
443 3323 497 3376 έστι
524 3319 774 3396 παραδειγματικῶς
800 3318 911 3385 ποιοῦν,
940 3317 971 3375 τό
1000 3319 1028 3375 δέ
1056 3320 1198 3389 ποιητικῶς
1226 3318 1396 3396 παράδειγμα

318 3422 357 3482 όν.
402 3426 469 3480 ἴδιον
495 3424 549 3498 γάρ
578 3425 793 3499 παραδείγματος
819 3425 869 3496 μέν
897 3416 957 3477 οἷόν
985 3426 1039 3479 ἐστι
1067 3427 1169 3486 ποιεῖν,
1199 3424 1342 3489 ποιοῦντος
1369 3426 1397 3481 δέ

319 3532 418 3603 γένεσιν
440 3523 500 3583 ἄντ’
524 3524 617 3593 οὐσίας
638 3526 813 3603 ἐργάζεσθαι.
841 3523 934 3600 διόπερ
957 3529 986 3581 έν
1009 3523 1116 3601 Φιλήβῳ
1137 3527 1185 3600 μέν
1206 3527 1261 3582 πᾶν
1281 3525 1312 3583 τό
1335 3550 1398 3583 ποι-

320 3633 370 3688 οῦν
396 3631 452 3688 πᾶν
477 3629 508 3687 τό
536 3629 694 3705 γιγνόμενον
720 3632 803 3702 ἔφατο
832 3632 999 3704 γίγνεσθαι·
1029 3633 1057 3684 έν
1082 3632 1184 3705 Τιμαίῳ
1206 3631 1234 3687 δέ
1255 3628 1285 3685 τό
1309 3625 1400 3704 παρά-

319 3736 414 3808 δειγμα
442 3731 544 3798 εἰκόνος
571 3729 638 3790 εἶναι
665 3732 836 3809 παράδειγμα
862 3729 946 3797 τινός·
978 3728 1047 3806 πρός
1068 3754 1092 3789 τι
1119 3732 1172 3808 γάρ
1200 3730 1339 3806 ἑκάτερον,
1368 3729 1399 3787 τό

319 3841 370 3910 μέν
389 3837 458 3913 πρός
478 3841 594 3913 γένεσιν,
615 3838 644 3893 τό
669 3839 696 3893 δέ
718 3835 787 3913 πρός
808 3835 897 3894 είκόνα
918 3839 1035 3910 λέγεται·
1067 3834 1123 3893 έστι
1143 3838 1171 3892 δέ
1193 3835 1267 3909 όμιιις
1287 3838 1314 3888 ἐν
1336 3840 1399 3890 ἑκα-

320 3944 386 4014 τέρῳ
407 3940 437 3997 τό
459 3940 560 4005 λοιπόν,
582 3941 831 4016 παραδειγματικῶς
851 3943 899 4014 μέν
920 3944 948 3996 ἐν
968 3939 1005 4013 τῷ
1027 3942 1222 4015 παραδείγματι
1244 3935 1275 3994 τό
1294 3936 1399 4003 ποιοῦν,

320 4045 464 4114 ποιητικῶς
489 4048 518 4102 δέ
547 4043 576 4102 τό
606 4041 777 4119 παράδειγμα
805 4049 832 4100 έν
853 4042 890 4118 τῷ
916 4041 1037 4098 ποιοῦντι
1059 4042 1265 4116 συνειλημμένον.
1309 4041 1400 4105 ἕνωσις

319 4142 374 4221 ίέρα
395 4151 444 4219 μία
463 4147 495 4205 τό
522 4173 549 4206 τε
576 4147 823 4226 παραδειγματικόν
852 4151 937 4203 αἴτιον
965 4151 992 4201 ἐν
1020 4149 1127 4210 ἐκείνοις
1158 4142 1266 4218 συνάγει
1295 4144 1340 4200 καί
1367 4141 1401 4199 τό

321 4250 471 4321 ποιητικόν,
500 4253 568 4323 πλην
595 4253 636 4311 ότι
663 4253 769 4309 πολλῶν
797 4248 919 4322 ποιητικά
945 4251 994 4325 μέν
1015 4253 1085 4304 ἐστιν
1107 4253 1178 4306 ιιίτιιι
1201 4246 1236 4313 ῶς
1257 4246 1400 4320 γεννητῶν,

319 4354 566 4431 πιιριιδιιγμαιικόν
587 4357 615 4413 δὲ
637 4348 688 4414 οδκ
710 4357 777 4414 έστι·
800 4355 912 4414 τοιαῦτα
933 4351 988 4429 γὰρ
1009 4348 1042 4408 ῐᾶ
1064 4349 1137 4411 καθ’
1161 4353 1273 4409 fmffl'
1304 4348 1403 4426 Wd·

389 4643 415 4699 έ)
435 4642 588 4706 Legendum
606 4637 644 4706 ἦν.
673 4644 715 4692 St.
