<?xml version="1.0" encoding="UTF-8"?>
<!DOCTYPE html PUBLIC "-//W3C//DTD XHTML 1.0 Transitional//EN"
    "http://www.w3.org/TR/xhtml1/DTD/xhtml1-transitional.dtd">
<html xmlns="http://www.w3.org/1999/xhtml" xml:lang="en" lang="en">
 <head>
  <title>
</title>
<meta http-equiv="Content-Type" content="text/html;charset=utf-8" />
  <meta name='ocr-system' content='tesseract 3.04.00' />
  <meta name='ocr-capabilities' content='ocr_page ocr_carea ocr_par ocr_line ocrx_word'/>
</head>
<body>
  <div class='ocr_page' id='page_1' title='image "./parmenidescumqu00platgoog_0351.png"; bbox 0 0 3775 5442; ppageno 0'>
   <div class='ocr_carea' id='block_1_1' title="bbox 690 674 1520 743">
    <p class='ocr_par' dir='ltr' id='par_1_1' title="bbox 690 674 1520 743">
     <span class='ocr_line' id='line_1_1' title="bbox 690 674 1520 743; baseline 0.01 -8"><span class='ocrx_word' id='word_1_1' title='bbox 690 677 776 739; x_wconf 81' lang='lat' dir='ltr'><strong>biber</strong></span> <span class='ocrx_word' id='word_1_2' title='bbox 797 681 910 738; x_wconf 84' lang='lat' dir='ltr'><strong>tertius.</strong></span> <span class='ocrx_word' id='word_1_3' title='bbox 955 679 1055 739; x_wconf 80' lang='lat' dir='ltr'><strong>Sestio</strong></span> <span class='ocrx_word' id='word_1_4' title='bbox 1073 679 1094 738; x_wconf 87' lang='grc' dir='ltr'><strong>Ι.</strong></span> <span class='ocrx_word' id='word_1_5' title='bbox 1373 674 1437 743; x_wconf 66' lang='lat'><strong>208</strong></span> <span class='ocrx_word' id='word_1_6' title='bbox 1516 721 1520 731; x_wconf 83' lang='lat'>·</span> 
     </span>
    </p>
   </div>
   <div class='ocr_carea' id='block_1_2' title="bbox 293 838 1445 4228">
    <p class='ocr_par' dir='ltr' id='par_1_2' title="bbox 342 838 1445 3920">
     <span class='ocr_line' id='line_1_2' title="bbox 352 838 1435 932; baseline 0.007 -24"><span class='ocrx_word' id='word_1_7' title='bbox 352 848 436 909; x_wconf 85' lang='lat' dir='ltr'><strong>inter</strong></span> <span class='ocrx_word' id='word_1_8' title='bbox 457 849 579 910; x_wconf 90' lang='lat' dir='ltr'><strong>iliorum</strong></span> <span class='ocrx_word' id='word_1_9' title='bbox 602 849 714 929; x_wconf 90' lang='lat' dir='ltr'><strong>placita</strong></span> <span class='ocrx_word' id='word_1_10' title='bbox 735 850 926 928; x_wconf 89' lang='lat' dir='ltr'><strong>probandum</strong></span> <span class='ocrx_word' id='word_1_11' title='bbox 949 856 1082 931; x_wconf 86' lang='lat' dir='ltr'><strong>putaret.</strong></span> <span class='ocrx_word' id='word_1_12' title='bbox 1134 852 1176 913; x_wconf 76' lang='lat' dir='ltr'><strong>iit</strong></span> <span class='ocrx_word' id='word_1_13' title='bbox 1198 848 1347 932; x_wconf 80' lang='lat' dir='ltr'><strong>principia</strong></span> <span class='ocrx_word' id='word_1_14' title='bbox 1368 838 1435 932; x_wconf 81' lang='lat' dir='ltr'><strong>qui-</strong></span> 
     </span>
     <span class='ocr_line' id='line_1_3' title="bbox 351 950 1435 1036; baseline 0.006 -23"><span class='ocrx_word' id='word_1_15' title='bbox 351 953 424 1013; x_wconf 86' lang='lat' dir='ltr'><strong>dem</strong></span> <span class='ocrx_word' id='word_1_16' title='bbox 452 951 611 1012; x_wconf 86' lang='lat' dir='ltr'><strong>doctrinae</strong></span> <span class='ocrx_word' id='word_1_17' title='bbox 644 958 676 1013; x_wconf 93' lang='lat' dir='ltr'><strong>et</strong></span> <span class='ocrx_word' id='word_1_18' title='bbox 703 950 920 1029; x_wconf 74' lang='lat' dir='ltr'><strong>fundamenta,</strong></span> <span class='ocrx_word' id='word_1_19' title='bbox 955 974 1034 1036; x_wconf 88' lang='lat' dir='ltr'><strong>quae</strong></span> <span class='ocrx_word' id='word_1_20' title='bbox 1068 959 1254 1036; x_wconf 85' lang='lat' dir='ltr'><strong>posuerant,</strong></span> <span class='ocrx_word' id='word_1_21' title='bbox 1289 953 1435 1020; x_wconf 91' lang='lat' dir='ltr'><strong>continuo</strong></span> 
     </span>
     <span class='ocr_line' id='line_1_4' title="bbox 350 1055 1434 1136; baseline 0.003 -19"><span class='ocrx_word' id='word_1_22' title='bbox 350 1055 568 1117; x_wconf 82' lang='lat' dir='ltr'><strong>animadvertit</strong></span> <span class='ocrx_word' id='word_1_23' title='bbox 595 1055 639 1115; x_wconf 89' lang='lat' dir='ltr'><strong>its</strong></span> <span class='ocrx_word' id='word_1_24' title='bbox 668 1064 844 1136; x_wconf 83' lang='lat' dir='ltr'><strong>comparata</strong></span> <span class='ocrx_word' id='word_1_25' title='bbox 872 1077 957 1133; x_wconf 89' lang='lat' dir='ltr'><strong>esse,</strong></span> <span class='ocrx_word' id='word_1_26' title='bbox 988 1065 1023 1121; x_wconf 92' lang='lat' dir='ltr'><strong>ut</strong></span> <span class='ocrx_word' id='word_1_27' title='bbox 1044 1058 1175 1119; x_wconf 79' lang='lat' dir='ltr'><strong>marimo</strong></span> <span class='ocrx_word' id='word_1_28' title='bbox 1198 1074 1267 1117; x_wconf 90' lang='lat' dir='ltr'><strong>cum</strong></span> <span class='ocrx_word' id='word_1_29' title='bbox 1289 1057 1434 1121; x_wconf 87' lang='lat' dir='ltr'><strong>utilitatis</strong></span> 
     </span>
     <span class='ocr_line' id='line_1_5' title="bbox 351 1157 1434 1242; baseline 0.005 -23"><span class='ocrx_word' id='word_1_30' title='bbox 351 1157 457 1219; x_wconf 76' lang='lat' dir='ltr'><strong>fructu</strong></span> <span class='ocrx_word' id='word_1_31' title='bbox 494 1164 624 1238; x_wconf 85' lang='lat' dir='ltr'><strong>possent</strong></span> <span class='ocrx_word' id='word_1_32' title='bbox 657 1160 696 1219; x_wconf 92' lang='lat' dir='ltr'><strong>ad</strong></span> <span class='ocrx_word' id='word_1_33' title='bbox 729 1178 815 1220; x_wconf 79' lang='lat' dir='ltr'><strong>saram</strong></span> <span class='ocrx_word' id='word_1_34' title='bbox 852 1161 1008 1223; x_wconf 88' lang='lat' dir='ltr'><strong>rationem</strong></span> <span class='ocrx_word' id='word_1_35' title='bbox 1038 1160 1273 1224; x_wconf 90' lang='lat' dir='ltr'><strong>accommodari.</strong></span> <span class='ocrx_word' id='word_1_36' title='bbox 1327 1163 1434 1242; x_wconf 84' lang='lat' dir='ltr'><strong>ltaque</strong></span> 
     </span>
     <span class='ocr_line' id='line_1_6' title="bbox 349 1261 1433 1343; baseline 0.006 -21"><span class='ocrx_word' id='word_1_37' title='bbox 349 1261 431 1322; x_wconf 88' lang='lat' dir='ltr'><strong>banc</strong></span> <span class='ocrx_word' id='word_1_38' title='bbox 461 1280 542 1323; x_wconf 90' lang='lat' dir='ltr'><strong>nunc</strong></span> <span class='ocrx_word' id='word_1_39' title='bbox 567 1263 611 1322; x_wconf 87' lang='lat' dir='ltr'><strong>ita</strong></span> <span class='ocrx_word' id='word_1_40' title='bbox 637 1263 799 1323; x_wconf 87' lang='lat' dir='ltr'><strong>constitnit</strong></span> <span class='ocrx_word' id='word_1_41' title='bbox 828 1264 999 1342; x_wconf 82' lang='lat' dir='ltr'><strong>explicare,</strong></span> <span class='ocrx_word' id='word_1_42' title='bbox 1034 1271 1069 1327; x_wconf 91' lang='lat' dir='ltr'><strong>ut</strong></span> <span class='ocrx_word' id='word_1_43' title='bbox 1096 1264 1176 1340; x_wconf 90' lang='lat' dir='ltr'><strong>iliis,</strong></span> <span class='ocrx_word' id='word_1_44' title='bbox 1207 1269 1354 1343; x_wconf 82' lang='lat' dir='ltr'><strong>quantum</strong></span> <span class='ocrx_word' id='word_1_45' title='bbox 1382 1283 1433 1328; x_wconf 89' lang='lat' dir='ltr'><strong>res</strong></span> 
     </span>
     <span class='ocr_line' id='line_1_7' title="bbox 349 1365 1433 1445; baseline 0.006 -20"><span class='ocrx_word' id='word_1_46' title='bbox 349 1367 418 1445; x_wconf 87' lang='lat' dir='ltr'><strong>ipsa</strong></span> <span class='ocrx_word' id='word_1_47' title='bbox 429 1365 622 1445; x_wconf 83' lang='lat' dir='ltr'><strong>postularet,</strong></span> <span class='ocrx_word' id='word_1_48' title='bbox 644 1365 814 1427; x_wconf 90' lang='lat' dir='ltr'><strong>immutatis</strong></span> <span class='ocrx_word' id='word_1_49' title='bbox 837 1373 869 1427; x_wconf 91' lang='lat' dir='ltr'><strong>et</strong></span> <span class='ocrx_word' id='word_1_50' title='bbox 889 1369 1010 1431; x_wconf 82' lang='lat' dir='ltr'><strong>infleris</strong></span> <span class='ocrx_word' id='word_1_51' title='bbox 1031 1367 1064 1429; x_wconf 88' lang='lat' dir='ltr'><strong>in</strong></span> <span class='ocrx_word' id='word_1_52' title='bbox 1086 1387 1172 1429; x_wconf 90' lang='lat' dir='ltr'><strong>suam</strong></span> <span class='ocrx_word' id='word_1_53' title='bbox 1193 1387 1260 1429; x_wconf 94' lang='lat' dir='ltr'><strong>rem</strong></span> <span class='ocrx_word' id='word_1_54' title='bbox 1282 1374 1433 1432; x_wconf 89' lang='lat' dir='ltr'><strong>uteretur.</strong></span> 
     </span>
     <span class='ocr_line' id='line_1_8' title="bbox 349 1468 1434 1548; baseline 0.006 -19"><span class='ocrx_word' id='word_1_55' title='bbox 349 1468 503 1548; x_wconf 79' lang='lat' dir='ltr'><strong>Quoniam</strong></span> <span class='ocrx_word' id='word_1_56' title='bbox 532 1476 635 1529; x_wconf 89' lang='lat' dir='ltr'><strong>autem</strong></span> <span class='ocrx_word' id='word_1_57' title='bbox 663 1473 882 1545; x_wconf 75' lang='lat' dir='ltr'><strong>quantumuis</strong></span> <span class='ocrx_word' id='word_1_58' title='bbox 910 1470 1071 1534; x_wconf 88' lang='lat' dir='ltr'><strong>dialectica</strong></span> <span class='ocrx_word' id='word_1_59' title='bbox 1104 1476 1292 1532; x_wconf 76' lang='lat' dir='ltr'><strong>momentum</strong></span> <span class='ocrx_word' id='word_1_60' title='bbox 1314 1470 1434 1535; x_wconf 87' lang='lat' dir='ltr'><strong>iaceret</strong></span> 
     </span>
     <span class='ocr_line' id='line_1_9' title="bbox 347 1569 1433 1653; baseline 0.006 -21"><span class='ocrx_word' id='word_1_61' title='bbox 347 1571 389 1632; x_wconf 86' lang='lat' dir='ltr'><strong>sd</strong></span> <span class='ocrx_word' id='word_1_62' title='bbox 418 1572 484 1632; x_wconf 86' lang='lat' dir='ltr'><strong>seri</strong></span> <span class='ocrx_word' id='word_1_63' title='bbox 511 1569 691 1649; x_wconf 78' lang='lat' dir='ltr'><strong>exquirendi</strong></span> <span class='ocrx_word' id='word_1_64' title='bbox 719 1571 922 1632; x_wconf 68' lang='lat' dir='ltr'><strong>subtilitatem</strong></span> <span class='ocrx_word' id='word_1_65' title='bbox 954 1579 987 1633; x_wconf 91' lang='lat' dir='ltr'><strong>et</strong></span> <span class='ocrx_word' id='word_1_66' title='bbox 1019 1573 1059 1634; x_wconf 91' lang='lat' dir='ltr'><strong>ad</strong></span> <span class='ocrx_word' id='word_1_67' title='bbox 1096 1573 1283 1653; x_wconf 81' lang='lat' dir='ltr'><strong>coarguendi</strong></span> <span class='ocrx_word' id='word_1_68' title='bbox 1317 1576 1433 1639; x_wconf 89' lang='lat' dir='ltr'><strong>erroris</strong></span> 
     </span>
     <span class='ocr_line' id='line_1_10' title="bbox 347 1674 1434 1757; baseline 0.002 -21"><span class='ocrx_word' id='word_1_69' title='bbox 347 1674 534 1748; x_wconf 86' lang='lat' dir='ltr'><strong>sollertiam,</strong></span> <span class='ocrx_word' id='word_1_70' title='bbox 556 1689 618 1732; x_wconf 91' lang='lat' dir='ltr'><strong>non</strong></span> <span class='ocrx_word' id='word_1_71' title='bbox 641 1679 766 1757; x_wconf 85' lang='lat' dir='ltr'><strong>poterat</strong></span> <span class='ocrx_word' id='word_1_72' title='bbox 786 1674 939 1753; x_wconf 87' lang='lat' dir='ltr'><strong>ignorare,</strong></span> <span class='ocrx_word' id='word_1_73' title='bbox 962 1675 1053 1737; x_wconf 88' lang='lat' dir='ltr'><strong>etiam</strong></span> <span class='ocrx_word' id='word_1_74' title='bbox 1080 1675 1158 1737; x_wconf 91' lang='lat' dir='ltr'><strong>iliud</strong></span> <span class='ocrx_word' id='word_1_75' title='bbox 1181 1675 1354 1738; x_wconf 85' lang='lat' dir='ltr'><strong>faciendum</strong></span> <span class='ocrx_word' id='word_1_76' title='bbox 1374 1696 1434 1757; x_wconf 90' lang='lat' dir='ltr'><strong>pu·</strong></span> 
     </span>
     <span class='ocr_line' id='line_1_11' title="bbox 346 1774 1435 1867; baseline 0.002 -29"><span class='ocrx_word' id='word_1_77' title='bbox 346 1778 436 1849; x_wconf 85' lang='lat' dir='ltr'><strong>tavit,</strong></span> <span class='ocrx_word' id='word_1_78' title='bbox 458 1783 494 1837; x_wconf 88' lang='lat' dir='ltr'><strong>ut</strong></span> <span class='ocrx_word' id='word_1_79' title='bbox 516 1782 614 1837; x_wconf 89' lang='lat' dir='ltr'><strong>artem</strong></span> <span class='ocrx_word' id='word_1_80' title='bbox 636 1774 810 1867; x_wconf 83' lang='lat' dir='ltr'><strong>disserendi</strong></span> <span class='ocrx_word' id='word_1_81' title='bbox 821 1777 1051 1857; x_wconf 85' lang='lat' dir='ltr'><strong>Megaricorum</strong></span> <span class='ocrx_word' id='word_1_82' title='bbox 1071 1779 1222 1841; x_wconf 90' lang='lat' dir='ltr'><strong>imitando</strong></span> <span class='ocrx_word' id='word_1_83' title='bbox 1244 1779 1435 1858; x_wconf 83' lang='lat' dir='ltr'><strong>exprimeret</strong></span> 
     </span>
     <span class='ocr_line' id='line_1_12' title="bbox 345 1877 1434 1959; baseline 0.001 -19"><span class='ocrx_word' id='word_1_84' title='bbox 345 1887 384 1941; x_wconf 89' lang='lat' dir='ltr'><strong>et</strong></span> <span class='ocrx_word' id='word_1_85' title='bbox 412 1879 639 1958; x_wconf 87' lang='lat' dir='ltr'><strong>quodammodo</strong></span> <span class='ocrx_word' id='word_1_86' title='bbox 668 1877 787 1939; x_wconf 85' lang='lat' dir='ltr'><strong>iaceret</strong></span> <span class='ocrx_word' id='word_1_87' title='bbox 814 1897 910 1943; x_wconf 86' lang='lat' dir='ltr'><strong>suam.</strong></span> <span class='ocrx_word' id='word_1_88' title='bbox 961 1881 1039 1941; x_wconf 87' lang='lat' dir='ltr'><strong>Nam</strong></span> <span class='ocrx_word' id='word_1_89' title='bbox 1066 1881 1111 1941; x_wconf 91' lang='lat' dir='ltr'><strong>ita</strong></span> <span class='ocrx_word' id='word_1_90' title='bbox 1131 1880 1327 1959; x_wconf 82' lang='lat' dir='ltr'><strong>intelligebat</strong></span> <span class='ocrx_word' id='word_1_91' title='bbox 1348 1878 1434 1941; x_wconf 85' lang='lat' dir='ltr'><strong>futu-</strong></span> 
     </span>
     <span class='ocr_line' id='line_1_13' title="bbox 346 1981 1433 2064; baseline 0.001 -20"><span class='ocrx_word' id='word_1_92' title='bbox 346 2003 417 2044; x_wconf 92' lang='lat' dir='ltr'><strong>rnm</strong></span> <span class='ocrx_word' id='word_1_93' title='bbox 442 2001 522 2058; x_wconf 89' lang='lat' dir='ltr'><strong>esse,</strong></span> <span class='ocrx_word' id='word_1_94' title='bbox 543 1985 579 2043; x_wconf 90' lang='lat' dir='ltr'><strong>ut</strong></span> <span class='ocrx_word' id='word_1_95' title='bbox 599 1981 769 2043; x_wconf 84' lang='lat' dir='ltr'><strong>adversarii</strong></span> <span class='ocrx_word' id='word_1_96' title='bbox 790 2001 852 2043; x_wconf 93' lang='lat' dir='ltr'><strong>non</strong></span> <span class='ocrx_word' id='word_1_97' title='bbox 875 1983 1006 2063; x_wconf 89' lang='lat' dir='ltr'><strong>amplius</strong></span> <span class='ocrx_word' id='word_1_98' title='bbox 1028 1984 1060 2045; x_wconf 91' lang='lat' dir='ltr'><strong>in</strong></span> <span class='ocrx_word' id='word_1_99' title='bbox 1081 1984 1151 2064; x_wconf 89' lang='lat' dir='ltr'><strong>ipso</strong></span> <span class='ocrx_word' id='word_1_100' title='bbox 1169 1983 1344 2045; x_wconf 84' lang='lat' dir='ltr'><strong>disserendi</strong></span> <span class='ocrx_word' id='word_1_101' title='bbox 1362 1983 1433 2045; x_wconf 89' lang='lat' dir='ltr'><strong>dili-</strong></span> 
     </span>
     <span class='ocr_line' id='line_1_14' title="bbox 345 2084 1433 2168; baseline 0.003 -21"><span class='ocrx_word' id='word_1_102' title='bbox 345 2087 484 2168; x_wconf 82' lang='lat' dir='ltr'><strong>gentism</strong></span> <span class='ocrx_word' id='word_1_103' title='bbox 508 2091 540 2147; x_wconf 90' lang='lat' dir='ltr'><strong>et</strong></span> <span class='ocrx_word' id='word_1_104' title='bbox 561 2089 658 2145; x_wconf 88' lang='lat' dir='ltr'><strong>artem</strong></span> <span class='ocrx_word' id='word_1_105' title='bbox 680 2084 886 2164; x_wconf 79' lang='lat' dir='ltr'><strong>requirerent,</strong></span> <span class='ocrx_word' id='word_1_106' title='bbox 908 2094 941 2147; x_wconf 87' lang='lat' dir='ltr'><strong>ct</strong></span> <span class='ocrx_word' id='word_1_107' title='bbox 963 2087 1027 2150; x_wconf 88' lang='lat' dir='ltr'><strong>suis</strong></span> <span class='ocrx_word' id='word_1_108' title='bbox 1050 2086 1190 2168; x_wconf 91' lang='lat' dir='ltr'><strong>ipsorum</strong></span> <span class='ocrx_word' id='word_1_109' title='bbox 1211 2087 1293 2161; x_wconf 90' lang='lat' dir='ltr'><strong>telis,</strong></span> <span class='ocrx_word' id='word_1_110' title='bbox 1317 2086 1433 2167; x_wconf 71' lang='lat' dir='ltr'><strong>quipps&#39;</strong></span> 
     </span>
     <span class='ocr_line' id='line_1_15' title="bbox 346 2188 1431 2270; baseline 0 -18"><span class='ocrx_word' id='word_1_111' title='bbox 346 2190 389 2252; x_wconf 87' lang='lat' dir='ltr'><strong>sd</strong></span> <span class='ocrx_word' id='word_1_112' title='bbox 409 2190 565 2252; x_wconf 89' lang='lat' dir='ltr'><strong>saniorem</strong></span> <span class='ocrx_word' id='word_1_113' title='bbox 587 2188 719 2249; x_wconf 81' lang='lat' dir='ltr'><strong>formam</strong></span> <span class='ocrx_word' id='word_1_114' title='bbox 741 2193 774 2248; x_wconf 90' lang='lat' dir='ltr'><strong>et</strong></span> <span class='ocrx_word' id='word_1_115' title='bbox 793 2189 945 2249; x_wconf 89' lang='lat' dir='ltr'><strong>rationem</strong></span> <span class='ocrx_word' id='word_1_116' title='bbox 968 2190 1164 2270; x_wconf 88' lang='lat' dir='ltr'><strong>comparatis,</strong></span> <span class='ocrx_word' id='word_1_117' title='bbox 1187 2191 1286 2250; x_wconf 89' lang='lat' dir='ltr'><strong>multo</strong></span> <span class='ocrx_word' id='word_1_118' title='bbox 1305 2190 1431 2252; x_wconf 86' lang='lat' dir='ltr'><strong>ieilcius</strong></span> 
     </span>
     <span class='ocr_line' id='line_1_16' title="bbox 346 2291 1431 2374; baseline 0.002 -19"><span class='ocrx_word' id='word_1_119' title='bbox 346 2298 539 2374; x_wconf 87' lang='lat' dir='ltr'><strong>peterentur.</strong></span> <span class='ocrx_word' id='word_1_120' title='bbox 561 2293 667 2371; x_wconf 87' lang='lat' dir='ltr'><strong>ltaque</strong></span> <span class='ocrx_word' id='word_1_121' title='bbox 688 2291 787 2352; x_wconf 82' lang='lat' dir='ltr'><strong>redux</strong></span> <span class='ocrx_word' id='word_1_122' title='bbox 807 2292 839 2352; x_wconf 94' lang='lat' dir='ltr'><strong>in</strong></span> <span class='ocrx_word' id='word_1_123' title='bbox 860 2294 992 2372; x_wconf 88' lang='lat' dir='ltr'><strong>patriam</strong></span> <span class='ocrx_word' id='word_1_124' title='bbox 1013 2291 1114 2353; x_wconf 87' lang='lat' dir='ltr'><strong>iactus</strong></span> <span class='ocrx_word' id='word_1_125' title='bbox 1137 2310 1215 2371; x_wconf 93' lang='lat' dir='ltr'><strong>opus</strong></span> <span class='ocrx_word' id='word_1_126' title='bbox 1237 2293 1326 2369; x_wconf 92' lang='lat' dir='ltr'><strong>iliud,</strong></span> <span class='ocrx_word' id='word_1_127' title='bbox 1346 2293 1431 2373; x_wconf 92' lang='lat' dir='ltr'><strong>quod</strong></span> 
     </span>
     <span class='ocr_line' id='line_1_17' title="bbox 345 2396 1432 2473; baseline 0.001 -14"><span class='ocrx_word' id='word_1_128' title='bbox 345 2396 420 2460; x_wconf 91' lang='lat' dir='ltr'><strong>inde</strong></span> <span class='ocrx_word' id='word_1_129' title='bbox 450 2396 488 2456; x_wconf 87' lang='lat' dir='ltr'><strong>ab</strong></span> <span class='ocrx_word' id='word_1_130' title='bbox 517 2413 556 2457; x_wconf 85' lang='lat' dir='ltr'><strong>eo</strong></span> <span class='ocrx_word' id='word_1_131' title='bbox 583 2399 742 2472; x_wconf 86' lang='lat' dir='ltr'><strong>tempore,</strong></span> <span class='ocrx_word' id='word_1_132' title='bbox 775 2412 836 2473; x_wconf 92' lang='lat' dir='ltr'><strong>quo</strong></span> <span class='ocrx_word' id='word_1_133' title='bbox 865 2396 896 2456; x_wconf 89' lang='lat' dir='ltr'><strong>ei</strong></span> <span class='ocrx_word' id='word_1_134' title='bbox 922 2397 994 2459; x_wconf 89' lang='lat' dir='ltr'><strong>lites</strong></span> <span class='ocrx_word' id='word_1_135' title='bbox 1023 2401 1056 2458; x_wconf 87' lang='lat' dir='ltr'><strong>et</strong></span> <span class='ocrx_word' id='word_1_136' title='bbox 1083 2396 1313 2457; x_wconf 87' lang='lat' dir='ltr'><strong>controversiae</strong></span> <span class='ocrx_word' id='word_1_137' title='bbox 1339 2402 1432 2460; x_wconf 85' lang='lat' dir='ltr'><strong>ustae</strong></span> 
     </span>
     <span class='ocr_line' id='line_1_18' title="bbox 345 2494 1430 2576; baseline 0.004 -17"><span class='ocrx_word' id='word_1_138' title='bbox 345 2507 446 2572; x_wconf 85' lang='lat' dir='ltr'><strong>crant,</strong></span> <span class='ocrx_word' id='word_1_139' title='bbox 469 2499 596 2559; x_wconf 89' lang='lat' dir='ltr'><strong>molitus</strong></span> <span class='ocrx_word' id='word_1_140' title='bbox 618 2513 687 2556; x_wconf 86' lang='lat' dir='ltr'><strong>esse</strong></span> <span class='ocrx_word' id='word_1_141' title='bbox 708 2494 846 2570; x_wconf 83' lang='lat' dir='ltr'><strong>videtur,</strong></span> <span class='ocrx_word' id='word_1_142' title='bbox 868 2499 1022 2576; x_wconf 87' lang='lat' dir='ltr'><strong>perticere</strong></span> <span class='ocrx_word' id='word_1_143' title='bbox 1044 2503 1076 2558; x_wconf 90' lang='lat' dir='ltr'><strong>et</strong></span> <span class='ocrx_word' id='word_1_144' title='bbox 1097 2497 1258 2558; x_wconf 83' lang='lat' dir='ltr'><strong>absolvere</strong></span> <span class='ocrx_word' id='word_1_145' title='bbox 1280 2499 1430 2563; x_wconf 74' lang='lat' dir='ltr'><strong>instituite</strong></span> 
     </span>
     <span class='ocr_line' id='line_1_19' title="bbox 345 2584 1431 2681; baseline 0.003 -20"><span class='ocrx_word' id='word_1_146' title='bbox 345 2621 416 2663; x_wconf 84' lang='lat' dir='ltr'><strong>nam</strong></span> <span class='ocrx_word' id='word_1_147' title='bbox 437 2601 499 2663; x_wconf 90' lang='lat' dir='ltr'><strong>iam</strong></span> <span class='ocrx_word' id='word_1_148' title='bbox 521 2601 553 2662; x_wconf 93' lang='lat' dir='ltr'><strong>in</strong></span> <span class='ocrx_word' id='word_1_149' title='bbox 574 2600 644 2681; x_wconf 91' lang='lat' dir='ltr'><strong>ipso</strong></span> <span class='ocrx_word' id='word_1_150' title='bbox 665 2600 779 2660; x_wconf 87' lang='lat' dir='ltr'><strong>itinere</strong></span> <span class='ocrx_word' id='word_1_151' title='bbox 801 2584 839 2659; x_wconf 91' lang='lat' dir='ltr'><strong>ab</strong></span> <span class='ocrx_word' id='word_1_152' title='bbox 862 2619 900 2660; x_wconf 87' lang='lat' dir='ltr'><strong>eo</strong></span> <span class='ocrx_word' id='word_1_153' title='bbox 923 2605 1073 2680; x_wconf 85' lang='lat' dir='ltr'><strong>congesta</strong></span> <span class='ocrx_word' id='word_1_154' title='bbox 1094 2619 1173 2673; x_wconf 91' lang='lat' dir='ltr'><strong>esse,</strong></span> <span class='ocrx_word' id='word_1_155' title='bbox 1196 2619 1276 2679; x_wconf 90' lang='lat' dir='ltr'><strong>quae</strong></span> <span class='ocrx_word' id='word_1_156' title='bbox 1291 2602 1329 2662; x_wconf 93' lang='lat' dir='ltr'><strong>ad</strong></span> <span class='ocrx_word' id='word_1_157' title='bbox 1351 2601 1431 2664; x_wconf 93' lang='lat' dir='ltr'><strong>iilud</strong></span> 
     </span>
     <span class='ocr_line' id='line_1_20' title="bbox 345 2701 1431 2780; baseline -0.001 -14"><span class='ocrx_word' id='word_1_158' title='bbox 345 2704 567 2778; x_wconf 79' lang='lat' dir='ltr'><strong>conducerent,</strong></span> <span class='ocrx_word' id='word_1_159' title='bbox 590 2704 756 2764; x_wconf 89' lang='lat' dir='ltr'><strong>admodum</strong></span> <span class='ocrx_word' id='word_1_160' title='bbox 779 2708 828 2762; x_wconf 89' lang='lat' dir='ltr'><strong>est</strong></span> <span class='ocrx_word' id='word_1_161' title='bbox 849 2703 1025 2764; x_wconf 82' lang='lat' dir='ltr'><strong>verisimile.</strong></span> <span class='ocrx_word' id='word_1_162' title='bbox 1086 2703 1188 2780; x_wconf 81' lang='lat' dir='ltr'><strong>Atque</strong></span> <span class='ocrx_word' id='word_1_163' title='bbox 1209 2701 1288 2763; x_wconf 88' lang='lat' dir='ltr'><strong>baec</strong></span> <span class='ocrx_word' id='word_1_164' title='bbox 1309 2703 1337 2763; x_wconf 88' lang='lat' dir='ltr'><strong>si</strong></span> <span class='ocrx_word' id='word_1_165' title='bbox 1357 2722 1431 2765; x_wconf 83' lang='lat' dir='ltr'><strong>vere</strong></span> 
     </span>
     <span class='ocr_line' id='line_1_21' title="bbox 346 2803 1432 2889; baseline -0.002 -20"><span class='ocrx_word' id='word_1_166' title='bbox 346 2808 581 2889; x_wconf 70' lang='lat' dir='ltr'><strong>disputavimus,</strong></span> <span class='ocrx_word' id='word_1_167' title='bbox 606 2823 798 2884; x_wconf 86' lang='lat' dir='ltr'><strong>consequens</strong></span> <span class='ocrx_word' id='word_1_168' title='bbox 821 2809 885 2878; x_wconf 90' lang='lat' dir='ltr'><strong>est,</strong></span> <span class='ocrx_word' id='word_1_169' title='bbox 906 2810 940 2864; x_wconf 90' lang='lat' dir='ltr'><strong>ut</strong></span> <span class='ocrx_word' id='word_1_170' title='bbox 962 2803 1177 2865; x_wconf 86' lang='lat' dir='ltr'><strong>Parmenidem</strong></span> <span class='ocrx_word' id='word_1_171' title='bbox 1199 2804 1318 2881; x_wconf 88' lang='lat' dir='ltr'><strong>pariter</strong></span> <span class='ocrx_word' id='word_1_172' title='bbox 1338 2812 1432 2884; x_wconf 85' lang='lat' dir='ltr'><strong>atque</strong></span> 
     </span>
     <span class='ocr_line' id='line_1_22' title="bbox 346 2904 1430 2991; baseline -0.005 -18"><span class='ocrx_word' id='word_1_173' title='bbox 346 2910 524 2991; x_wconf 87' lang='lat' dir='ltr'><strong>Sopbistsm</strong></span> <span class='ocrx_word' id='word_1_174' title='bbox 551 2930 620 2971; x_wconf 88' lang='lat' dir='ltr'><strong>cum</strong></span> <span class='ocrx_word' id='word_1_175' title='bbox 642 2908 816 2969; x_wconf 77' lang='lat' dir='ltr'><strong>Theaeteto</strong></span> <span class='ocrx_word' id='word_1_176' title='bbox 838 2915 911 2986; x_wconf 89' lang='lat' dir='ltr'><strong>post</strong></span> <span class='ocrx_word' id='word_1_177' title='bbox 933 2926 1045 2968; x_wconf 87' lang='lat' dir='ltr'><strong>aunum</strong></span> <span class='ocrx_word' id='word_1_178' title='bbox 1068 2906 1191 2986; x_wconf 82' lang='lat' dir='ltr'><strong>Olymp.</strong></span> <span class='ocrx_word' id='word_1_179' title='bbox 1208 2904 1341 2966; x_wconf 83' lang='lat' dir='ltr'><strong>xcviii.</strong></span> <span class='ocrx_word' id='word_1_180' title='bbox 1355 2909 1385 2971; x_wconf 79' lang='lat'><strong>3.</strong></span> <span class='ocrx_word' id='word_1_181' title='bbox 1400 2913 1430 2969; x_wconf 82' lang='grc'><strong>4.</strong></span> 
     </span>
     <span class='ocr_line' id='line_1_23' title="bbox 345 3008 1431 3095; baseline -0.003 -20"><span class='ocrx_word' id='word_1_182' title='bbox 345 3015 382 3075; x_wconf 92' lang='lat' dir='ltr'><strong>tn</strong></span> <span class='ocrx_word' id='word_1_183' title='bbox 403 3014 510 3095; x_wconf 85' lang='lat' dir='ltr'><strong>snlgns</strong></span> <span class='ocrx_word' id='word_1_184' title='bbox 539 3015 657 3074; x_wconf 89' lang='lat' dir='ltr'><strong>editum</strong></span> <span class='ocrx_word' id='word_1_185' title='bbox 684 3028 756 3072; x_wconf 86' lang='lat' dir='ltr'><strong>esse</strong></span> <span class='ocrx_word' id='word_1_186' title='bbox 783 3011 1018 3074; x_wconf 84' lang='lat' dir='ltr'><strong>existimandum</strong></span> <span class='ocrx_word' id='word_1_187' title='bbox 1049 3010 1100 3071; x_wconf 88' lang='lat' dir='ltr'><strong>sit.</strong></span> <span class='ocrx_word' id='word_1_188' title='bbox 1165 3008 1274 3087; x_wconf 85' lang='lat' dir='ltr'><strong>Neque</strong></span> <span class='ocrx_word' id='word_1_189' title='bbox 1295 3009 1376 3069; x_wconf 90' lang='lat' dir='ltr'><strong>enim</strong></span> <span class='ocrx_word' id='word_1_190' title='bbox 1398 3010 1431 3072; x_wconf 89' lang='lat' dir='ltr'><strong>in</strong></span> 
     </span>
     <span class='ocr_line' id='line_1_24' title="bbox 343 3112 1430 3200; baseline -0.006 -20"><span class='ocrx_word' id='word_1_191' title='bbox 343 3118 523 3200; x_wconf 73' lang='lat' dir='ltr'><strong>longinquis</strong></span> <span class='ocrx_word' id='word_1_192' title='bbox 545 3117 606 3176; x_wconf 87' lang='lat' dir='ltr'><strong>iilis</strong></span> <span class='ocrx_word' id='word_1_193' title='bbox 629 3113 793 3175; x_wconf 87' lang='lat' dir='ltr'><strong>itineribus</strong></span> <span class='ocrx_word' id='word_1_194' title='bbox 815 3115 848 3175; x_wconf 93' lang='lat' dir='ltr'><strong>id</strong></span> <span class='ocrx_word' id='word_1_195' title='bbox 872 3113 1053 3177; x_wconf 91' lang='lat' dir='ltr'><strong>ullomodo</strong></span> <span class='ocrx_word' id='word_1_196' title='bbox 1075 3112 1144 3174; x_wconf 88' lang='lat' dir='ltr'><strong>lieri</strong></span> <span class='ocrx_word' id='word_1_197' title='bbox 1165 3115 1285 3192; x_wconf 82' lang='lat' dir='ltr'><strong>potuit3</strong></span> <span class='ocrx_word' id='word_1_198' title='bbox 1326 3129 1430 3174; x_wconf 84' lang='lat' dir='ltr'><strong>rever-</strong></span> 
     </span>
     <span class='ocr_line' id='line_1_25' title="bbox 342 3216 1430 3299; baseline -0.006 -15"><span class='ocrx_word' id='word_1_199' title='bbox 342 3241 399 3284; x_wconf 83' lang='lat' dir='ltr'><strong>sus</strong></span> <span class='ocrx_word' id='word_1_200' title='bbox 427 3228 530 3282; x_wconf 88' lang='lat' dir='ltr'><strong>autem</strong></span> <span class='ocrx_word' id='word_1_201' title='bbox 557 3220 588 3279; x_wconf 90' lang='lat' dir='ltr'><strong>in</strong></span> <span class='ocrx_word' id='word_1_202' title='bbox 616 3218 746 3298; x_wconf 82' lang='lat' dir='ltr'><strong>patriam</strong></span> <span class='ocrx_word' id='word_1_203' title='bbox 781 3217 863 3280; x_wconf 92' lang='lat' dir='ltr'><strong>baud</strong></span> <span class='ocrx_word' id='word_1_204' title='bbox 898 3219 961 3280; x_wconf 92' lang='lat' dir='ltr'><strong>scio</strong></span> <span class='ocrx_word' id='word_1_205' title='bbox 991 3238 1029 3280; x_wconf 89' lang='lat' dir='ltr'><strong>sn</strong></span> <span class='ocrx_word' id='word_1_206' title='bbox 1058 3237 1136 3299; x_wconf 91' lang='lat' dir='ltr'><strong>opus</strong></span> <span class='ocrx_word' id='word_1_207' title='bbox 1163 3216 1224 3298; x_wconf 94' lang='lat' dir='ltr'><strong>ipsi</strong></span> <span class='ocrx_word' id='word_1_208' title='bbox 1258 3217 1430 3299; x_wconf 86' lang='lat' dir='ltr'><strong>urgendum</strong></span> 
     </span>
     <span class='ocr_line' id='line_1_26' title="bbox 343 3314 1445 3400; baseline -0.004 -16"><span class='ocrx_word' id='word_1_209' title='bbox 343 3324 445 3387; x_wconf 79' lang='lat' dir='ltr'><strong>sideri</strong></span> <span class='ocrx_word' id='word_1_210' title='bbox 467 3322 610 3384; x_wconf 86' lang='lat' dir='ltr'><strong>debuerit</strong></span> <span class='ocrx_word' id='word_1_211' title='bbox 637 3322 726 3395; x_wconf 90' lang='lat' dir='ltr'><strong>ideo,</strong></span> <span class='ocrx_word' id='word_1_212' title='bbox 750 3322 821 3400; x_wconf 91' lang='lat' dir='ltr'><strong>quia</strong></span> <span class='ocrx_word' id='word_1_213' title='bbox 842 3322 1091 3385; x_wconf 81' lang='lat' dir='ltr'><strong>adversariorum</strong></span> <span class='ocrx_word' id='word_1_214' title='bbox 1113 3320 1327 3382; x_wconf 88' lang='lat' dir='ltr'><strong>contentiones</strong></span> <span class='ocrx_word' id='word_1_215' title='bbox 1349 3314 1445 3381; x_wconf 65' lang='lat' dir='ltr'><strong>mul-‘</strong></span> 
     </span>
     <span class='ocr_line' id='line_1_27' title="bbox 344 3422 1429 3504; baseline -0.009 -14"><span class='ocrx_word' id='word_1_216' title='bbox 344 3439 449 3490; x_wconf 84' lang='lat' dir='ltr'><strong>torum</strong></span> <span class='ocrx_word' id='word_1_217' title='bbox 473 3436 593 3486; x_wconf 83' lang='lat' dir='ltr'><strong>montes</strong></span> <span class='ocrx_word' id='word_1_218' title='bbox 611 3424 905 3504; x_wconf 82' lang='lat' dir='ltr'><strong>praestrinxissent,</strong></span> <span class='ocrx_word' id='word_1_219' title='bbox 936 3426 989 3504; x_wconf 90' lang='lat' dir='ltr'><strong>qui</strong></span> <span class='ocrx_word' id='word_1_220' title='bbox 1011 3423 1128 3502; x_wconf 89' lang='lat' dir='ltr'><strong>aliquid</strong></span> <span class='ocrx_word' id='word_1_221' title='bbox 1151 3422 1192 3482; x_wconf 93' lang='lat' dir='ltr'><strong>de</strong></span> <span class='ocrx_word' id='word_1_222' title='bbox 1212 3422 1281 3483; x_wconf 87' lang='lat' dir='ltr'><strong>istis</strong></span> <span class='ocrx_word' id='word_1_223' title='bbox 1304 3431 1429 3481; x_wconf 89' lang='lat' dir='ltr'><strong>contro-</strong></span> 
     </span>
     <span class='ocr_line' id='line_1_28' title="bbox 343 3523 1428 3606; baseline -0.008 -12"><span class='ocrx_word' id='word_1_224' title='bbox 343 3532 456 3594; x_wconf 77' lang='lat' dir='ltr'><strong>remiis</strong></span> <span class='ocrx_word' id='word_1_225' title='bbox 484 3533 532 3591; x_wconf 84' lang='lat' dir='ltr'><strong>sel</strong></span> <span class='ocrx_word' id='word_1_226' title='bbox 561 3530 674 3591; x_wconf 89' lang='lat' dir='ltr'><strong>litteris</strong></span> <span class='ocrx_word' id='word_1_227' title='bbox 702 3529 750 3588; x_wconf 83' lang='lat' dir='ltr'><strong>vel</strong></span> <span class='ocrx_word' id='word_1_228' title='bbox 780 3528 958 3587; x_wconf 79' lang='lat' dir='ltr'><strong>narratione</strong></span> <span class='ocrx_word' id='word_1_229' title='bbox 986 3525 1163 3606; x_wconf 80' lang='lat' dir='ltr'><strong>propagatis</strong></span> <span class='ocrx_word' id='word_1_230' title='bbox 1198 3523 1428 3585; x_wconf 80' lang='lat' dir='ltr'><strong>inaudivissent</strong></span> 
     </span>
     <span class='ocr_line' id='line_1_29' title="bbox 344 3625 1429 3714; baseline -0.011 -17"><span class='ocrx_word' id='word_1_231' title='bbox 344 3635 422 3698; x_wconf 78' lang='lat' dir='ltr'><strong>Nam</strong></span> <span class='ocrx_word' id='word_1_232' title='bbox 458 3629 656 3714; x_wconf 73' lang='lat' dir='ltr'><strong>peruulgatas</strong></span> <span class='ocrx_word' id='word_1_233' title='bbox 692 3631 790 3692; x_wconf 82' lang='lat' dir='ltr'><strong>inisse</strong></span> <span class='ocrx_word' id='word_1_234' title='bbox 823 3630 892 3690; x_wconf 88' lang='lat' dir='ltr'><strong>ilias</strong></span> <span class='ocrx_word' id='word_1_235' title='bbox 929 3629 1154 3703; x_wconf 81' lang='lat' dir='ltr'><strong>dubitationes,</strong></span> <span class='ocrx_word' id='word_1_236' title='bbox 1199 3646 1327 3708; x_wconf 87' lang='lat' dir='ltr'><strong>quarum</strong></span> <span class='ocrx_word' id='word_1_237' title='bbox 1360 3625 1429 3705; x_wconf 91' lang='lat' dir='ltr'><strong>ipse</strong></span> 
     </span>
     <span class='ocr_line' id='line_1_30' title="bbox 343 3727 1427 3812; baseline -0.01 -14"><span class='ocrx_word' id='word_1_238' title='bbox 343 3735 534 3799; x_wconf 84' lang='lat' dir='ltr'><strong>mentionem</strong></span> <span class='ocrx_word' id='word_1_239' title='bbox 563 3735 639 3795; x_wconf 83' lang='lat' dir='ltr'><strong>iacit</strong></span> <span class='ocrx_word' id='word_1_240' title='bbox 665 3736 697 3795; x_wconf 93' lang='lat' dir='ltr'><strong>in</strong></span> <span class='ocrx_word' id='word_1_241' title='bbox 724 3733 908 3794; x_wconf 83' lang='lat' dir='ltr'><strong>Parmenidc</strong></span> <span class='ocrx_word' id='word_1_242' title='bbox 935 3733 1078 3812; x_wconf 81' lang='lat' dir='ltr'><strong>dialogo,</strong></span> <span class='ocrx_word' id='word_1_243' title='bbox 1111 3751 1130 3792; x_wconf 90' lang='lat' dir='ltr'><strong>e</strong></span> <span class='ocrx_word' id='word_1_244' title='bbox 1160 3730 1291 3796; x_wconf 80' lang='lat' dir='ltr'><strong>Philebo</strong></span> <span class='ocrx_word' id='word_1_245' title='bbox 1324 3749 1354 3808; x_wconf 88' lang='lat' dir='ltr'><strong>p.</strong></span> <span class='ocrx_word' id='word_1_246' title='bbox 1378 3727 1427 3788; x_wconf 81' lang='lat' dir='ltr'><strong>lo.</strong></span> 
     </span>
     <span class='ocr_line' id='line_1_31' title="bbox 344 3835 1200 3920; baseline -0.006 -16"><span class='ocrx_word' id='word_1_247' title='bbox 344 3843 382 3905; x_wconf 82' lang='grc' dir='ltr'><strong>Δ.</strong></span> <span class='ocrx_word' id='word_1_248' title='bbox 397 3858 465 3920; x_wconf 87' lang='lat' dir='ltr'><strong>sqq.</strong></span> <span class='ocrx_word' id='word_1_249' title='bbox 489 3847 520 3901; x_wconf 90' lang='lat' dir='ltr'><strong>et</strong></span> <span class='ocrx_word' id='word_1_250' title='bbox 541 3837 698 3898; x_wconf 84' lang='lat' dir='ltr'><strong>Phaedon.</strong></span> <span class='ocrx_word' id='word_1_251' title='bbox 720 3856 749 3916; x_wconf 95' lang='lat' dir='ltr'><strong>p.</strong></span> <span class='ocrx_word' id='word_1_252' title='bbox 774 3836 846 3901; x_wconf 81' lang='lat' dir='ltr'><strong>lon</strong></span> <span class='ocrx_word' id='word_1_253' title='bbox 861 3836 895 3896; x_wconf 85' lang='lat' dir='ltr'><strong>l).</strong></span> <span class='ocrx_word' id='word_1_254' title='bbox 919 3837 1013 3897; x_wconf 79' lang='lat' dir='ltr'><strong>facile</strong></span> <span class='ocrx_word' id='word_1_255' title='bbox 1034 3835 1200 3915; x_wconf 88' lang='lat' dir='ltr'><strong>intelligas.</strong></span> 
     </span>
    </p>

    <p class='ocr_par' dir='ltr' id='par_1_3' title="bbox 293 3932 1430 4228">
     <span class='ocr_line' id='line_1_32' title="bbox 431 3932 1429 4022; baseline -0.01 -19"><span class='ocrx_word' id='word_1_256' title='bbox 431 3944 533 4022; x_wconf 79' lang='lat' dir='ltr'><strong>Atque</strong></span> <span class='ocrx_word' id='word_1_257' title='bbox 554 3941 632 4002; x_wconf 92' lang='lat' dir='ltr'><strong>baec</strong></span> <span class='ocrx_word' id='word_1_258' title='bbox 653 3942 680 4002; x_wconf 88' lang='lat' dir='ltr'><strong>si</strong></span> <span class='ocrx_word' id='word_1_259' title='bbox 701 3941 907 4020; x_wconf 85' lang='lat' dir='ltr'><strong>probabiliter</strong></span> <span class='ocrx_word' id='word_1_260' title='bbox 929 3939 1168 4020; x_wconf 72' lang='lat' dir='ltr'><strong>disputavimus,</strong></span> <span class='ocrx_word' id='word_1_261' title='bbox 1198 3932 1281 3997; x_wconf 89' lang='lat' dir='ltr'><strong>baud</strong></span> <span class='ocrx_word' id='word_1_262' title='bbox 1302 3932 1368 3995; x_wconf 89' lang='lat' dir='ltr'><strong>selo</strong></span> <span class='ocrx_word' id='word_1_263' title='bbox 1390 3951 1429 3994; x_wconf 86' lang='lat' dir='ltr'><strong>an</strong></span> 
     </span>
     <span class='ocr_line' id='line_1_33' title="bbox 293 4035 1428 4122; baseline -0.011 -13"><span class='ocrx_word' id='word_1_264' title='bbox 293 4060 299 4077; x_wconf 74' lang='lat'>⁸</span> <span class='ocrx_word' id='word_1_265' title='bbox 342 4045 378 4108; x_wconf 92' lang='lat' dir='ltr'><strong>id</strong></span> <span class='ocrx_word' id='word_1_266' title='bbox 400 4045 559 4108; x_wconf 82' lang='lat' dir='ltr'><strong>consecuti</strong></span> <span class='ocrx_word' id='word_1_267' title='bbox 581 4046 693 4112; x_wconf 80' lang='lat' dir='ltr'><strong>simus,</strong></span> <span class='ocrx_word' id='word_1_268' title='bbox 724 4045 806 4122; x_wconf 89' lang='lat' dir='ltr'><strong>quod</strong></span> <span class='ocrx_word' id='word_1_269' title='bbox 829 4046 1000 4118; x_wconf 84' lang='lat' dir='ltr'><strong>soluimus,</strong></span> <span class='ocrx_word' id='word_1_270' title='bbox 1036 4049 1071 4102; x_wconf 89' lang='lat' dir='ltr'><strong>ut</strong></span> <span class='ocrx_word' id='word_1_271' title='bbox 1094 4057 1224 4120; x_wconf 89' lang='lat' dir='ltr'><strong>quanam</strong></span> <span class='ocrx_word' id='word_1_272' title='bbox 1246 4035 1428 4118; x_wconf 90' lang='lat' dir='ltr'><strong>opportuni-</strong></span> 
     </span>
     <span class='ocr_line' id='line_1_34' title="bbox 342 4140 1430 4228; baseline -0.008 -19"><span class='ocrx_word' id='word_1_273' title='bbox 342 4153 411 4209; x_wconf 80' lang='lat' dir='ltr'><strong>tate</strong></span> <span class='ocrx_word' id='word_1_274' title='bbox 439 4169 513 4210; x_wconf 88' lang='lat' dir='ltr'><strong>usus</strong></span> <span class='ocrx_word' id='word_1_275' title='bbox 541 4147 748 4228; x_wconf 90' lang='lat' dir='ltr'><strong>pbiloscpbus</strong></span> <span class='ocrx_word' id='word_1_276' title='bbox 770 4147 904 4207; x_wconf 91' lang='lat' dir='ltr'><strong>animum</strong></span> <span class='ocrx_word' id='word_1_277' title='bbox 932 4147 971 4206; x_wconf 92' lang='lat' dir='ltr'><strong>ad</strong></span> <span class='ocrx_word' id='word_1_278' title='bbox 1000 4145 1197 4207; x_wconf 86' lang='lat' dir='ltr'><strong>scribendum</strong></span> <span class='ocrx_word' id='word_1_279' title='bbox 1225 4141 1309 4204; x_wconf 84' lang='lat' dir='ltr'><strong>bunc</strong></span> <span class='ocrx_word' id='word_1_280' title='bbox 1330 4140 1430 4202; x_wconf 87' lang='lat' dir='ltr'><strong>dialo-</strong></span> 
     </span>
    </p>
   </div>
   <div class='ocr_carea' id='block_1_3' title="bbox 340 4246 1431 4746">
    <p class='ocr_par' dir='ltr' id='par_1_4' title="bbox 340 4246 1431 4746">
     <span class='ocr_line' id='line_1_35' title="bbox 340 4246 1429 4335; baseline -0.013 -19"><span class='ocrx_word' id='word_1_281' title='bbox 340 4271 418 4335; x_wconf 79' lang='lat' dir='ltr'><strong>gum</strong></span> <span class='ocrx_word' id='word_1_282' title='bbox 439 4252 610 4332; x_wconf 86' lang='lat' dir='ltr'><strong>appulerit,</strong></span> <span class='ocrx_word' id='word_1_283' title='bbox 638 4250 828 4330; x_wconf 76' lang='lat' dir='ltr'><strong>argumentis</strong></span> <span class='ocrx_word' id='word_1_284' title='bbox 850 4252 926 4310; x_wconf 88' lang='lat' dir='ltr'><strong>satis</strong></span> <span class='ocrx_word' id='word_1_285' title='bbox 956 4247 1174 4310; x_wconf 78' lang='lat' dir='ltr'><strong>verisimilibus</strong></span> <span class='ocrx_word' id='word_1_286' title='bbox 1197 4246 1429 4306; x_wconf 82' lang='lat' dir='ltr'><strong>demonstrave-</strong></span> 
     </span>
     <span class='ocr_line' id='line_1_36' title="bbox 342 4349 1430 4432; baseline -0.009 -15"><span class='ocrx_word' id='word_1_287' title='bbox 342 4357 452 4417; x_wconf 89' lang='lat' dir='ltr'><strong>rimus.</strong></span> <span class='ocrx_word' id='word_1_288' title='bbox 501 4355 558 4415; x_wconf 83' lang='lat' dir='ltr'><strong>ilis</strong></span> <span class='ocrx_word' id='word_1_289' title='bbox 580 4361 682 4414; x_wconf 90' lang='lat' dir='ltr'><strong>autem</strong></span> <span class='ocrx_word' id='word_1_290' title='bbox 705 4354 873 4432; x_wconf 79' lang='lat' dir='ltr'><strong>exploratis</strong></span> <span class='ocrx_word' id='word_1_291' title='bbox 896 4353 990 4413; x_wconf 88' lang='lat' dir='ltr'><strong>etiam</strong></span> <span class='ocrx_word' id='word_1_292' title='bbox 1017 4353 1057 4413; x_wconf 90' lang='lat' dir='ltr'><strong>de</strong></span> <span class='ocrx_word' id='word_1_293' title='bbox 1085 4351 1237 4413; x_wconf 91' lang='lat' dir='ltr'><strong>sermonis</strong></span> <span class='ocrx_word' id='word_1_294' title='bbox 1258 4349 1361 4409; x_wconf 81' lang='lat' dir='ltr'><strong>forma</strong></span> <span class='ocrx_word' id='word_1_295' title='bbox 1383 4351 1430 4408; x_wconf 88' lang='lat' dir='ltr'><strong>at·</strong></span> 
     </span>
     <span class='ocr_line' id='line_1_37' title="bbox 341 4451 1429 4541; baseline -0.01 -20"><span class='ocrx_word' id='word_1_296' title='bbox 341 4479 405 4541; x_wconf 87' lang='lat' dir='ltr'><strong>que</strong></span> <span class='ocrx_word' id='word_1_297' title='bbox 427 4459 532 4538; x_wconf 86' lang='lat' dir='ltr'><strong>specte</strong></span> <span class='ocrx_word' id='word_1_298' title='bbox 553 4464 695 4537; x_wconf 90' lang='lat' dir='ltr'><strong>putamus</strong></span> <span class='ocrx_word' id='word_1_299' title='bbox 717 4458 815 4517; x_wconf 90' lang='lat' dir='ltr'><strong>multo</strong></span> <span class='ocrx_word' id='word_1_300' title='bbox 837 4458 953 4517; x_wconf 88' lang='lat' dir='ltr'><strong>certius</strong></span> <span class='ocrx_word' id='word_1_301' title='bbox 974 4457 1154 4534; x_wconf 83' lang='lat' dir='ltr'><strong>rectiusque</strong></span> <span class='ocrx_word' id='word_1_302' title='bbox 1174 4452 1303 4514; x_wconf 86' lang='lat' dir='ltr'><strong>iudicari</strong></span> <span class='ocrx_word' id='word_1_303' title='bbox 1323 4451 1429 4524; x_wconf 83' lang='lat' dir='ltr'><strong>licere,</strong></span> 
     </span>
     <span class='ocr_line' id='line_1_38' title="bbox 341 4554 1430 4644; baseline -0.008 -20"><span class='ocrx_word' id='word_1_304' title='bbox 341 4582 436 4644; x_wconf 89' lang='lat' dir='ltr'><strong>quam</strong></span> <span class='ocrx_word' id='word_1_305' title='bbox 459 4562 595 4640; x_wconf 90' lang='lat' dir='ltr'><strong>alioquin</strong></span> <span class='ocrx_word' id='word_1_306' title='bbox 619 4563 688 4622; x_wconf 86' lang='lat' dir='ltr'><strong>iteri</strong></span> <span class='ocrx_word' id='word_1_307' title='bbox 708 4564 819 4642; x_wconf 91' lang='lat' dir='ltr'><strong>potuit.</strong></span> <span class='ocrx_word' id='word_1_308' title='bbox 861 4562 907 4622; x_wconf 84' lang='lat' dir='ltr'><strong>lie</strong></span> <span class='ocrx_word' id='word_1_309' title='bbox 929 4581 989 4639; x_wconf 92' lang='lat' dir='ltr'><strong>qua</strong></span> <span class='ocrx_word' id='word_1_310' title='bbox 1010 4578 1047 4619; x_wconf 94' lang='lat' dir='ltr'><strong>re</strong></span> <span class='ocrx_word' id='word_1_311' title='bbox 1068 4559 1116 4617; x_wconf 86' lang='lat' dir='ltr'><strong>vel</strong></span> <span class='ocrx_word' id='word_1_312' title='bbox 1138 4562 1304 4636; x_wconf 86' lang='lat' dir='ltr'><strong>propterea</strong></span> <span class='ocrx_word' id='word_1_313' title='bbox 1325 4554 1430 4616; x_wconf 75' lang='lat' dir='ltr'><strong>dican·</strong></span> 
     </span>
     <span class='ocr_line' id='line_1_39' title="bbox 342 4659 1431 4746; baseline -0.007 -18"><span class='ocrx_word' id='word_1_314' title='bbox 342 4666 420 4729; x_wconf 87' lang='lat' dir='ltr'><strong>dnm</strong></span> <span class='ocrx_word' id='word_1_315' title='bbox 444 4673 495 4728; x_wconf 88' lang='lat' dir='ltr'><strong>est</strong></span> <span class='ocrx_word' id='word_1_316' title='bbox 517 4667 699 4742; x_wconf 87' lang='lat' dir='ltr'><strong>accuratius,</strong></span> <span class='ocrx_word' id='word_1_317' title='bbox 723 4664 806 4746; x_wconf 91' lang='lat' dir='ltr'><strong>qnod</strong></span> <span class='ocrx_word' id='word_1_318' title='bbox 829 4685 847 4727; x_wconf 86' lang='lat' dir='ltr'><strong>a</strong></span> <span class='ocrx_word' id='word_1_319' title='bbox 869 4662 1084 4746; x_wconf 84' lang='lat' dir='ltr'><strong>superioribus</strong></span> <span class='ocrx_word' id='word_1_320' title='bbox 1105 4661 1179 4723; x_wconf 87' lang='lat' dir='ltr'><strong>iibri</strong></span> <span class='ocrx_word' id='word_1_321' title='bbox 1199 4659 1431 4723; x_wconf 86' lang='lat' dir='ltr'><strong>enarratoribus</strong></span> 
     </span>
    </p>
   </div>
   <div class='ocr_carea' id='block_1_4' title="bbox 0 0 1892 5442">
    <p class='ocr_par' dir='ltr' id='par_1_5' title="bbox 0 0 1892 5442">
     <span class='ocr_line' id='line_1_40' title="bbox 0 0 1892 5442; baseline 0 3"><span class='ocrx_word' id='word_1_322' title='bbox 0 0 1892 5442; x_wconf 95' lang='lat' dir='ltr'><strong> </strong></span> 
     </span>
    </p>
   </div>
  </div>
 </body>
</html>
