3775 5442
656 644 743 704 Liircr
763 647 914 706 secundun.
958 644 1059 706 Sentio
1082 645 1130 710 tii.
1368 647 1431 713 28!

350 816 450 894 prima
477 815 617 891 tetrade,
651 818 716 878 aive
750 824 882 895 quatuor
916 819 1085 900 primorum
1115 837 1316 883 numerorum
1346 841 1431 886 oum-

349 919 509 998 piexione,
537 920 744 1001 phiioeopirua
773 921 925 982 contineri
953 921 1052 981 roiuit
1074 941 1188 1000 genera
1211 924 1342 985 maxime
1363 927 1431 989 nnn

349 1023 489 1098 venalia,
512 1025 624 1102 quibua
646 1031 750 1085 cetera
772 1024 873 1084 omnia
896 1024 1245 1104 comprehenderentur.
1268 1027 1310 1089 Et
1332 1029 1433 1108 primu

349 1125 474 1203 quidem
505 1129 638 1190 monade
665 1127 784 1190 censuit
805 1127 969 1202 conticeri,
992 1146 1070 1207 quae
1092 1128 1241 1189 caderent
1260 1130 1319 1191 tub
1340 1130 1433 1192 intei-

348 1227 463 1290 iectum
494 1249 552 1291 nec
577 1238 680 1293 tamen
712 1231 799 1291 finita
822 1235 926 1293 creent
948 1236 1002 1291 ant
1022 1229 1132 1291 iormie
1155 1238 1188 1290 et
1215 1231 1355 1312 partibus
1385 1233 1433 1296 di-

348 1332 480 1409 ctincta,
508 1352 606 1413 eaque
627 1336 793 1395 arbitratus
816 1337 865 1394 eat
885 1331 1046 1395 intellectu
1068 1340 1187 1394 tantum
1209 1353 1302 1415 ponae
1323 1337 1434 1417 attingi

348 1444 443 1515 atque
465 1438 602 1501 divinari.
636 1439 705 1516 Quo
728 1435 805 1496 nihii
827 1436 911 1498 aliud
931 1442 1076 1515 putemne
1098 1435 1282 1516 significari,
1305 1439 1365 1501 nini
1386 1440 1433 1503 in·

348 1538 469 1600 duitum
498 1540 575 1602 iilud
602 1559 639 1600 ac
664 1557 843 1618 aupremum
865 1557 971 1600 rerum
991 1539 1191 1618 principium,
1213 1542 1295 1620 qrrnd
1318 1561 1336 1602 a
1357 1541 1433 1604 Par-

346 1642 471 1701 menide
506 1642 658 1721 principio
699 1640 919 1719 disputatinuia
953 1659 1029 1704 auae
1066 1639 1199 1703 ridimua
1244 1645 1431 1708 adumbrari.

345 1743 418 1803 linc
440 1745 520 1804 enim
543 1745 604 1807 etei
624 1743 829 1824 philoaopirua
850 1745 975 1824 negarit
997 1744 1094 1806 menti
1115 1744 1269 1825 praebere
1288 1748 1434 1810 acieutiae

344 1845 527 1907 firmitatem
549 1855 582 1909 et
603 1845 866 1927 perspicuitatem,
888 1852 992 1909 tamen
1014 1847 1176 1909 intellectu
1195 1848 1270 1911 iicet
1291 1850 1432 1926 divioni,

342 1958 516 2029 propterea
550 1950 634 2029 qnod
669 1949 806 2028 alioquin
841 1966 882 2010 ne
908 1934 976 2030 ‘pro
1007 1949 1159 2030 principio
1193 1952 1321 2030 quidem
1360 1954 1433 2014 duci

344 2060 455 2133 poaaet
485 2059 579 2132 atque
603 2051 740 2132 probari.
790 2049 911 2113 Deinde
936 2051 976 2113 ad
1003 2053 1133 2132 primam
1163 2053 1295 2133 dyadem
1322 2057 1432 2118 retulit

345 2174 399 2229 oa,
435 2174 515 2234 quae
548 2162 665 2216 certam
700 2154 883 2233 firmamque
914 2155 979 2216 reri
1018 2156 1227 2236 cognitionem
1256 2157 1429 2224 eidcereut.

345 2260 434 2337 Quae
455 2277 627 2337 quenquam
648 2263 683 2318 et
702 2256 770 2336 ipae
791 2257 953 2320 intellectu
974 2259 1297 2338 comprehenduntur,
1326 2269 1431 2326 nmen

345 2381 364 2421 a
392 2362 606 2440 superioribua
634 2360 708 2421 iden
737 2359 914 2441 diacrepant
941 2362 1126 2440 plurimum,
1149 2363 1220 2442 quia
1240 2364 1295 2425 iiia
1316 2365 1431 2428 mentia

344 2463 497 2525 hnmanae
518 2465 693 2539 dedentium,
722 2482 812 2542 quam
838 2465 967 2543 proprie
989 2464 1137 2538 dicimur,
1165 2483 1275 2527 revera
1298 2485 1430 2548 exeupe-

344 2574 431 2640 rant,
457 2566 536 2627 hacc
564 2573 668 2628 autem
690 2566 875 2645 coguitionia
897 2565 1036 2627 afferunt
1063 2566 1314 2647 perspicuitatem
1337 2577 1432 2650 etqua
1547 2575 1551 2583 '

345 2667 527 2731 dariutem.
567 2670 652 2732 Haec
674 2671 775 2730 omnia
797 2685 870 2728 vero
893 2685 984 2747 quam
1005 2670 1133 2748 egregie
1154 2670 1338 2730 conveniant
1359 2691 1430 2733 com
1515 2744 1517 2750 y
1614 2686 1617 2693 ’

344 2771 394 2844 iia,
416 2771 549 2851 quaein
570 2772 1025 2847 Parmenideanntexpoaita,
1056 2772 1106 2831 vix
1128 2778 1177 2832 eat
1199 2772 1282 2848 quud
1306 2792 1431 2833 monea-

346 2893 427 2936 mur.
469 2874 546 2936 Nam
576 2894 656 2954 quac
681 2874 863 2934 referuntur
884 2871 924 2931 ad
945 2872 1075 2950 primam
1098 2874 1247 2954 dyadem,
1269 2872 1352 2933 haud
1375 2876 1431 2935 du-

348 2978 402 3040 nie
423 2977 509 3040 ideae
530 2983 604 3038 eunt
623 2975 863 3056 intelligendae,
892 2975 977 3036 uude
1004 2975 1168 3038 Platonem
1189 2981 1311 3036 constat
1331 2977 1432 3036 acieu«

344 3082 419 3142 tiam
442 3100 564 3142 omnem
587 3081 651 3140 sire
665 3073 848 3159 ἐπιστήμην
870 3078 1046 3158 repetiisse.
1090 3078 1191 3140 Porro
1213 3078 1430 3159 philoaopirua,

341 3184 517 3263 Piriiopouo
540 3184 665 3263 quidem
688 3187 780 3255 teate,
802 3179 843 3242 ad
865 3181 996 3262 primam
1019 3182 1152 3244 triadem
1174 3183 1331 3243 revocarit
1350 3184 1431 3264 phy-

342 3288 406 3349 eica
427 3294 461 3348 ct
483 3288 614 3367 quaein
635 3305 741 3346 rerum
770 3292 878 3345 natura
901 3294 1007 3347 eeaent
1027 3287 1195 3367 generalia,
1219 3304 1277 3347 nec
1298 3286 1337 3347 ad
1362 3281 1430 3348 cer-

341 3399 389 3451 tae
415 3390 504 3452 ideae
533 3390 641 3453 relata.
706 3388 825 3468 Quibus
854 3388 965 3449 tribuit
986 3385 1107 3468 δόξαν,
1135 3395 1304 3470 propterca
1332 3392 1428 3468 quod,

342 3511 422 3574 quae
451 3512 514 3554 non
541 3498 614 3554 eunt
642 3493 675 3553 in
702 3493 876 3571 ninguiarea
898 3492 1020 3572 dignata
1042 3488 1159 3553 iormaa
1181 3510 1239 3552 nec
1259 3491 1319 3551 vim
1341 3493 1428 3553 idea·-

341 3616 411 3658 rum
433 3595 478 3658 ita
497 3607 625 3674 experta
646 3603 727 3670 aunt,
751 3602 785 3656 ut
807 3596 947 3675 ringulae
968 3615 1076 3658 eorum
1099 3603 1204 3674 parter
1226 3602 1258 3655 et
1288 3598 1429 3657 membra

342 3700 479 3762 decerni
502 3707 615 3778 queant
636 3707 689 3761 aut
711 3700 892 3774 diiudicari,
915 3718 952 3761 ea
974 3719 1030 3760 nec
1052 3698 1173 3778 plenam
1194 3706 1430 3778 accuratamque

343 3805 441 3866 menti
468 3805 619 3884 praebent
646 3804 805 3864 scientiam
834 3809 867 3863 ct
897 3803 1115 3883 coguitionem.
1163 3803 1253 3880 Quae
1280 3819 1429 3879 quoraum

342 3908 531 3987 pertineant,
553 3909 581 3970 ai
603 3908 671 3986 quis
694 3906 838 3985 ambigat,
860 3907 887 3968 ie
910 3907 1086 3968 meminerit
1107 3925 1232 3978 corrrm,
1255 3922 1334 3983 quae
1355 3902 1429 3963 inde

342 4030 361 4072 a
383 4030 413 4091 p.
439 4013 511 4074 lut.
525 4012 558 4073 0.
582 4031 600 4070 a
622 4009 806 4070 Parmenidc
828 4011 979 4091 explicata
1000 4016 1090 4081 auut;
1119 4027 1180 4088 quo
1203 4007 1273 4068 loco
1296 4007 1428 4068 vidimus

343 4123 416 4188 τοῖς
439 4107 554 4187 ἄλλοις
582 4116 647 4173 eive
674 4113 857 4193 corporibua
886 4133 996 4176 aeuaua
1018 4112 1215 4173 moventibua
1237 4110 1309 4174 iden
1331 4109 1428 4172 tribui

342 4217 491 4280 admtire
520 4219 607 4297 quael
635 4218 774 4277 umbram
803 4218 956 4297 quandam
978 4223 1070 4295 atque
1091 4214 1236 4294 speciem,
1256 4214 1327 4293 quia
1348 4212 1429 4274 idcio

341 4341 413 4382 enm
437 4323 602 4400 negatione
624 4321 734 4400 positia
757 4339 797 4382 ne
818 4339 951 4400 corpora
972 4318 1096 4401 quidem
1118 4323 1221 4379 certae
1236 4315 1428 4378 aedefluitaa

342 4425 481 4485 rationes
511 4425 651 4500 recipcre
679 4424 810 4485 iudicari
837 4425 963 4486 debent.
1011 4421 1151 4500 Denique
1180 4420 1279 4502 prima
1306 4418 1429 4481 tetrade

341 4526 550 4605 piriioaopiurr
592 4530 770 4608 cornpiexua
811 4535 860 4591 eat
894 4546 945 4588 rea
988 4531 1166 4606 generatae,
1210 4541 1290 4603 quae
1327 4529 1428 4584 ocriae

339 4631 461 4694 iormaa
490 4627 690 4712 rationeaqu'e
715 4629 848 4713 adeptee
876 4636 990 4694 aaaent.
1053 4631 1139 4710 Quae
1167 4628 1291 4709 quidem
1321 4628 1428 4703 etetuit
