3775 5442
655 632 741 694 Liber
762 634 913 697 secandas.
958 568 1063 695 Ssooss
1077 581 1130 695 >m
1367 635 1431 700 283

436 805 656 886 Progredimnr
685 807 726 867 ad
755 805 832 880 alia,
861 825 939 885 quae
963 807 1162 870 Parmenides
1183 807 1305 870 Socrati
1332 826 1437 888 oppo-¹

349 911 398 970 nit
416 908 467 988 *),
500 911 568 971 eius
595 908 779 972 sententiam
808 910 839 969 in
875 910 1117 973 eonnorersiam
1151 910 1246 971 etiam
1282 911 1430 977 maiorem

348 1013 548 1076 adducturus.
592 1013 797 1090 Posteaquam
826 1013 908 1074 enim
935 1012 1079 1076 Socrates
1107 1033 1179 1073 eum
1201 1012 1308 1075 videre
1329 1000 1436 1090 inussit,

348 1134 389 1177 ne
410 1117 496 1179 forte
516 1119 607 1179 ideae
628 1116 703 1177 solis
718 1114 935 1177 contineantur
948 1117 1060 1178 mentis
1074 1116 1263 1193 notionibus,
1285 1117 1430 1197 quioniam

348 1220 394 1280 ita
416 1221 523 1298 utique
544 1219 643 1300 possit
664 1219 750 1292 lieri,
781 1223 815 1279 ut
837 1237 1018 1298 quamquam
1041 1239 1110 1282 cnm
1131 1221 1226 1281 rebus
1248 1219 1430 1282 coniunctae

347 1323 426 1397 sint,
454 1334 557 1384 tamen
594 1343 655 1384 non
690 1323 866 1400 discerptae
900 1341 936 1381 ac
965 1322 1152 1384 dilaceratae
1178 1321 1348 1400 rideantur,
1377 1321 1430 1386 irie

347 1426 474 1488 scholae
500 1428 656 1488 Eleaticae
684 1426 831 1505 placitum
852 1431 977 1487 secutus
1005 1426 1189 1504 respondet,
1221 1428 1335 1488 nullam
1358 1445 1429 1491 esse

345 1530 518 1604 notionem,
541 1531 613 1608 quin
635 1529 751 1606 aliquid
775 1529 1017 1605 comprehendat
1039 1527 1123 1605 quod
1144 1545 1253 1590 revera
1275 1530 1325 1592 sit.
1369 1531 1427 1592 nt-

346 1636 430 1695 enim
464 1634 597 1695 dccebat
630 1630 839 1706 Parmenides,
867 1638 903 1691 ιιι
936 1640 986 1693 est
1017 1650 1045 1692 v.
1066 1631 1109 1691 88
1123 1651 1168 1710 sq.
1196 1632 1247 1695 ed.
1276 1633 1428 1709 Brendis,

346 1729 474 1798 ταύτὸν
496 1732 527 1797 δ’
553 1735 621 1797 ἐστὶ
642 1741 730 1797 νοεῖν
751 1753 786 1795 τι
807 1733 864 1796 καὶ
886 1720 1020 1797 advenio
1041 1726 1258 1815 ἑστι-νόημα·
1302 1732 1341 1797 ori
1362 1728 1429 1819 γὰρ

344 1831 427 1901 ἄνευ
455 1838 515 1898 τοῦ
542 1830 669 1934 idaeo,
697 1839 732 1898 ἐν
761 1810 1192 1932 ᾧπεᾳωτισμὲνᾳνῖἣστίν,
1219 1830 1366 1921 εὑρήσεις
1386 1831 1428 1901 τὸ

342 1948 447 2005 νοεῖν.
489 1938 580 2018 Quod
604 1936 727 2016 quidem
751 1938 910 2001 decretum
932 1939 1095 2020 amplexati
1117 1938 1253 2015 Eristioi
1284 1941 1336 2021 qui
1358 1940 1429 2002 l'la-

344 2043 431 2105 tonis
453 2043 605 2103 rationem
627 2041 861 2115 cavillabuntur,
888 2018 959 2104 eum
988 2043 1082 2104 talem
1114 2050 1292 2106 sumserunt
1321 2063 1427 2120 rerum

343 2156 379 2208 et
407 2147 548 2207 idearum
575 2164 694 2224 ponere
714 2145 990 2222 necessitudinem,
1022 2151 1058 2208 ιιι
1086 2146 1154 2228 ipsa
1174 2147 1295 2209 illarum
1319 2155 1429 2211 natura

345 2257 379 2310 et
399 2251 487 2327 quasi
508 2248 638 2310 materia
662 2250 694 2311 in
720 2248 829 2309 barum
850 2256 969 2328 partem
1000 2255 1033 2311 et
1054 2251 1299 2313 communionem
1322 2253 1428 2315 venire

344 2354 498 2414 oenserrdn
521 2360 614 2414 esset.
657 2352 732 2414 lnde
758 2371 831 2415 vero
860 2355 1108 2432 consequebatur
1128 2374 1218 2429 sane,
1247 2355 1330 2434 quod
1353 2375 1436 2436 per-¹

300 2495 306 2507 ·
344 2456 514 2517 absurdum
537 2463 601 2530 est,
631 2462 684 2516 aut
711 2475 763 2518 rea
790 2475 861 2518 esse
888 2462 1012 2518 naturas
1041 2458 1229 2536 cogitantes,
1257 2466 1310 2520 aut
1331 2479 1426 2538 quum

345 2561 568 2640 cogitationum
601 2565 706 2620 essent
733 2558 917 2639 participes,
956 2564 1060 2621 tamen
1090 2577 1153 2620 non
1185 2559 1331 2639 cogitare.
1383 2563 1427 2624 Aa

345 2665 427 2726 enim
450 2683 524 2724 vero
546 2663 631 2724 illam
654 2662 836 2722 sententiam
857 2660 1027 2724 sl'latonls
1048 2661 1169 2722 ratione
1190 2661 1322 2723 alienam
1343 2681 1425 2739 esse,
1478 2742 1480 2746 ἱ

345 2769 399 2847 qui
420 2765 661 2846 disputationem
683 2764 723 2824 de
745 2781 806 2823 nno
823 2768 855 2824 et
865 2764 978 2825 ceteris
1001 2769 1119 2826 attente
1139 2764 1319 2844 perlegerit,
1342 2766 1425 2827 ultra

345 2871 508 2931 nobiscum
528 2868 688 2930 fatebitur.
753 2844 822 2926 Non
850 2865 933 2925 enim
960 2866 1004 2927 ita
1025 2886 1077 2927 res
1098 2868 1185 2928 ideas
1207 2884 1245 2926 ex
1266 2866 1333 2928 eins
1355 2887 1426 2928 sen-

346 2973 447 3034 tentia
466 2972 657 3051 participant,
681 2974 715 3030 ut
733 2969 822 3055 ipsas)
839 2968 953 3031 mentis
975 2968 1096 3030 divinae
1118 2967 1322 3048 cogitationes
1344 2989 1426 3031 cnm·

343 3079 530 3157 plectantur,
552 3076 608 3135 sed
631 3074 735 3154 potins
758 3073 788 3133 vi
808 3056 842 3133 et
870 3077 957 3133 motu
984 3073 1107 3133 illarum
1137 3072 1168 3133 in
1192 3091 1261 3134 eum
1284 3073 1427 3138 ordinem

345 3187 419 3241 snut
440 3180 583 3257 redactae
604 3196 703 3256 eaque
725 3177 796 3256 lege
817 3176 1018 3257 compositae,
1041 3181 1130 3237 utet
1151 3177 1238 3256 ipsae
1259 3177 1317 3239 snb
1340 3196 1426 3239 men-
1515 3253 1517 3257 ι

344 3285 385 3345 tis
407 3285 559 3350 notiones,
581 3280 739 3342 subiectae
765 3279 828 3342 sint
860 3279 995 3359 ideoque
1024 3279 1235 3361 intelligantur
1257 3287 1351 3363 atque
1373 3301 1426 3345 co-

345 3392 543 3467 gnoscantnr.

428 3486 577 3566 Sequitur
605 3484 663 3546 alia
686 3485 837 3547 dubitatio
867 3484 1079 3558 Parmenidis,
1108 3502 1198 3562 qnam
1220 3484 1295 3546 item
1316 3488 1425 3551 verisi-

344 3594 417 3656 mile
444 3598 495 3654 est
521 3589 559 3649 ab
587 3588 729 3649 Eristicis
758 3596 865 3650 contra
893 3587 1031 3649 Platonis
1062 3586 1234 3648 doctrinam
1263 3588 1424 3655 excitatam

344 3695 490 3771 ΜΝ).
552 3692 642 3771 Quod
669 3694 752 3753 enim
778 3693 816 3753 ab
848 3692 917 3770 ipso
947 3690 1077 3752 Platone
1104 3689 1425 3770 solebatyidentldcm

344 3798 496 3871 dictitari,
523 3796 610 3857 ideas
631 3795 718 3874 qnasi
740 3797 925 3876 exemplaria
947 3795 1096 3874 quaedam
1118 3812 1205 3867 esse,
1231 3793 1268 3854 ad
1292 3812 1425 3872 quaerum
1470 3816 1472 3820 ·

342 3903 575 3966 similitudinem
596 3918 647 3960 res
669 3905 836 3962 terrestres
858 3899 982 3960 effictae
1003 3904 1107 3959 essent
1133 3904 1227 3978 atque
1247 3894 1424 3959 conforma-

343 4018 404 4081 tae,
425 4006 459 4067 ld
481 4006 606 4066 bileatcs
636 4010 728 4082 negm
756 4005 819 4065 ulio
847 4003 940 4063 modo
963 4002 1089 4081 probari
1110 4021 1204 4081 posse
1227 4005 1280 4061 aut
1301 4000 1424 4065 idoneis

344 4109 533 4189 argumentis
555 4106 692 4169 delendi.
741 4106 818 4167 Nam
840 4127 933 4186 qurum
955 4106 998 4167 ita
1020 4124 1072 4164 res
1093 4110 1186 4182 atque
1208 4103 1297 4165 ideae
1315 4112 1423 4166 mutua
1528 4191 1529 4194 Ἴ

342 4211 545 4274 similitudine
558 4212 723 4291 gaudeant,
746 4195 936 4289 consequens
956 4212 1000 4272 ait
1018 4208 1098 4281 iore,
1121 4213 1156 4267 nt
1170 4207 1208 4268 ad
1230 4207 1423 4271 indicandam

342 4325 543 4394 utrarumque
564 4314 797 4377 similitudinem
819 4332 942 4394 semper
964 4315 1023 4378 alia
1044 4319 1136 4393 atque
1158 4311 1217 4374 alia
1245 4312 1423 4395 reqndratur

342 4486 550 4497 ——n-un———a

410 4571 438 4616 *l
457 4567 485 4621 Ρ,
504 4563 564 4614 troi.
581 4566 609 4614 lt.
623 4563 653 4615 c.

393 4632 856 4705 mmmmm-mn
