3775 5442
726 645 770 703 ΙΝ
801 646 1121 712 PARMENIDEM.
1392 647 1462 714 '77⁰

381 844 440 888 ται,
468 824 563 880 ὁποῖαι
584 823 665 880 είοίν·
695 806 796 894 εἴρηται
823 823 878 897 γάρ
899 812 941 875 ὅτι
963 816 995 874 ού
1021 823 1186 892 σωματικοί,
1215 819 1247 876 ού
1274 827 1402 892 φυσικαί,
1432 824 1464 884 ού

383 930 508 999 ψυχικαί,
538 926 606 983 άλλά
635 922 726 998 νοεραλ
753 923 799 980 καλ
827 921 1077 998 παραδειγματικαὶ
1108 923 1155 978 καί
1183 918 1291 992 άσχετοι
1321 927 1368 981 καλ
1395 932 1463 984 πᾶσι

380 1035 517 1106 παροῦσαι
539 1032 594 1092 τοῖς
614 1026 743 1101 δευτέροις
764 1022 881 1099 άμιγῶς’
905 1024 952 1080 καί
969 1026 1006 1083 έτι
1019 1027 1104 1080 πόσαι
1117 1027 1201 1089 τάξεις
1222 1023 1327 1082 αύτῶν·
1349 1030 1396 1085 καί
1409 1033 1463 1105 γάρ

380 1135 458 1186 τούτο
480 1131 654 1205 διειλόμεθα,
684 1127 731 1184 καλ
752 1133 805 1183 πού
826 1132 1020 1214 περαιοῦνται,
1050 1126 1096 1181 καί
1117 1130 1171 1181 ποῦ
1193 1130 1301 1204 πρῶτον
1322 1134 1464 1202 ἐκφαίνον-

381 1254 439 1299 ται,
468 1230 514 1288 καὶ
535 1236 592 1296 πῶς
614 1231 660 1286 διά
681 1234 734 1286 τῶν
754 1231 841 1303 μέσων
862 1227 990 1294 εὐτάκτως
1011 1234 1151 1286 ποιοῦνται
1173 1232 1219 1302 την
1240 1235 1374 1310 πρόοδον·
1402 1234 1466 1311 περί

381 1335 410 1388 δὲ
432 1335 478 1403 την
504 1336 557 1389 τῶν
577 1333 728 1409 προςώπων
749 1333 890 1397 διάθεσιν,
912 1324 954 1386 ότι
975 1333 1082 1388 πάντων
1102 1336 1151 1407 μέν
1171 1338 1224 1390 ἐστι
1246 1338 1429 1414 τελεσιουργός
1449 1339 1465 1394 ό

381 1434 564 1510 Παρμενίδης,
587 1432 686 1513 (καλέ)
713 1435 921 1510 παρακελεύεται
942 1429 979 1507 τῷ
1002 1437 1139 1510 Σωκράτει
1161 1439 1267 1514 ζηλοῦν
1290 1441 1377 1514 τρίτος
1398 1440 1426 1495 δέ
1448 1440 1465 1496 ὁ

381 1538 525 1612 Σωκράτης
546 1538 562 1593 ό
583 1531 622 1594 δι’
647 1535 749 1612 άμφοῖν
766 1534 947 1611 άναγόμενος·
968 1537 1032 1614 περὶ
1048 1539 1077 1595 δέ
1094 1544 1141 1596 τόν
1158 1542 1260 1616 τρόπον
1272 1541 1300 1613 ¹)
1321 1547 1365 1612 τῆς
1386 1541 1464 1598 διδα-

381 1641 507 1705 σκαλίας,
536 1632 579 1696 ιίτι
606 1640 652 1696 διά
678 1643 731 1695 τῶν
758 1638 835 1695 εἱδῶν
863 1638 974 1704 ὁδεύσας
1002 1639 1018 1695 ό
1039 1643 1152 1698 Πλάτων
1180 1643 1249 1698 κατά
1276 1643 1378 1706 πάντας
1404 1642 1465 1707 τούς

382 1745 475 1806 θείους
496 1744 659 1815 διακόσμους
686 1743 733 1799 καί
754 1740 918 1816 ἀναδραμὼν
947 1738 1003 1796 άπὸ
1031 1747 1083 1798 τῶν
1104 1742 1245 1812 αἰσθητῶν
1265 1743 1311 1799 έπλ
1329 1741 1363 1798 τά
1384 1745 1466 1814 νοητά

381 1839 490 1900 άνωθεν
511 1847 592 1900 πάλιν
612 1842 668 1900 άπό
689 1846 736 1899 τοῦ
756 1847 814 1908 ἑνδς
835 1841 981 1919 ἀρξάμενος
1002 1844 1140 1914 έπιδείξει,
1169 1849 1227 1910 πῶς
1242 1843 1375 1904 Ἰδιπάντων
1395 1845 1466 1903 ἐστίν

382 1950 469 2002 αἴτιον
489 1951 542 2002 τῶν
562 1947 660 2013 ὄντων,
690 1945 736 2001 καί
757 1950 815 2010 πῶς
837 1944 1016 2002 ύποστατικόν
1035 1950 1089 2002 τῶν
1109 1947 1207 2003 ἑνάδων
1228 1952 1282 2006 τιδν
1302 1952 1464 2026 πρωτίοτων,

381 2041 433 2120 ἀφ’
456 2034 494 2104 δίν
515 2049 701 2119 συνέχονταιλ)
722 2050 811 2104 πᾶσαι
832 2053 885 2105 τῶν
906 2047 990 2104 ὄντων
1011 2048 1110 2125 άρχαί·
1131 2049 1179 2106 καί
1200 2041 1242 2106 ὅτι
1263 2055 1402 2128 προτέλεια
1419 2057 1465 2124 τῆς

379 2152 501 2222 τοιαύτης
521 2152 576 2208 ίσιί
597 2149 744 2228 θεωρίαςίη
766 2151 828 2228 περὶ
849 2154 883 2209 τά
904 2151 960 2221 ελδη
981 2153 1134 2224 γυμνασία·
1156 2150 1223 2228 πρίν
1244 2153 1272 2209 δέ
1294 2149 1401 2230 άρξεται
1420 2160 1465 2226 τῆς

380 2257 593 2323 ε’ποπτικωτάτης
612 2255 805 2329 μυσταγορίας,
826 2255 952 2327 βούληαι
972 2253 1145 2330 παραδοῦναι
1166 2255 1213 2324 τὴν
1233 2255 1367 2328 μέθοδον,
1390 2247 1463 2312 καθ’

379 2350 413 2424 ἣν
432 2357 570 2425 ποιήσεται
593 2357 653 2418 τούςΙ
674 2359 785 2429 λόγους,
814 2357 861 2412 καλ
881 2359 928 2427 τη“ν
950 2356 1078 2428 δύναμιν,
1106 2347 1156 2425 αἶψ’
1180 2341 1214 2426 ἧς
1236 2356 1389 2432 ὁρμώμενος
1410 2362 1464 2415 πά-

381 2479 431 2522 σας
451 2459 585 2520 διαπλέξει
606 2460 653 2522 τάς
675 2457 817 2522 ὑποθέσεις
839 2458 886 2512 καί
907 2460 968 2520 τούς
991 2457 1106 2529 τρόπους
1126 2459 1179 2510 τῶν
1200 2460 1402 2531 ἐπιχειρήσεων,
1425 2453 1465 2525 οἷς

377 2561 515 2635 χρώμενος
536 2559 628 2627 ιόδεύει
655 2560 701 2613 διά
722 2560 775 2612 τῶν
795 2561 977 2632 πραγμάτων,
1002 2560 1060 2626 φῶς
1087 2557 1165 2609 τούτο
1192 2561 1387 2630 προςανάπτων
1407 2564 1467 2627 ταῖς

383 2664 482 2733 φυγαῖς
509 2665 553 2728 τῆς
580 2654 643 2729 ὅλης
669 2662 804 2733 μυστικῆς.
848 2661 1002 2734 παρακαλεῖ
1029 2659 1078 2730 μέν
1106 2641 1154 2711 ούν
1181 2660 1250 2732 πρός
1277 2664 1323 2730 τὴν
1344 2662 1469 2741 μέθοδον

380 2764 479 2831 ταύτην
499 2762 515 2816 ὁ
538 2762 708 2838 Παρμενῶης
728 2762 775 2815 τόν
796 2760 941 2835 Σωκράτην
969 2760 1015 2815 καί
1035 2761 1082 2828 τὴν
1110 2752 1172 2813 κατ’
1197 2756 1279 2830 αύτην
1299 2765 1465 2836 γυμνασίαν

381 2867 429 2919 τοῦ
451 2863 480 2918 δὲ
503 2865 636 2939 ἐρομένου,
657 2866 709 2929 τίς
732 2863 747 2920 δ
767 2865 824 2932 τῆς
845 2863 1045 2936 γυμνασίας
1066 2863 1204 2936 τρόπος,
1227 2859 1391 2935 ἀποβλέπειν
1411 2863 1532 2925 cufi-272

380 2968 428 3023 τόν
440 2966 471 3038 ³)
493 2964 708 3045 naqoencleu'aw)
731 2969 800 3041 πρὸς
820 2967 882 3030 τούς
903 2968 1023 3036 Ζήνωνος
1044 2967 1158 3038 λόγους,
1191 2964 1278 3036 δηλῶν
1298 2966 1345 3024 διά
1365 2969 1464 3025 τούτων

381 3062 439 3143 άμα
461 3069 511 3142 μέν
531 3060 574 3125 ότι
601 3071 732 3145 ἐξαίρετος
758 3054 791 3140 ἦν
819 3051 896 3134 ούτος
921 3068 938 3124 δ
959 3070 1060 3145 τρόπος
1086 3073 1131 3139 τῆς
1158 3070 1310 3142 γυμνασίας
1330 3073 1408 3147 παρά
1428 3069 1464 3145 τῷ

374 3169 522 3245 Ἐλεατικρῖ
543 3172 733 3245 διδασκαλείῳ·
764 3163 796 3227 ού
816 3175 871 3248 γάρ
884 3172 970 3242 ,ἔσχον
990 3166 1072 3229 ἄλλον
1093 3170 1177 3227 εἰπεῖν
1195 3168 1230 3248 τῇ
1248 3173 1359 3248 μεθόδῳ
1381 3173 1464 3250 ταύτῃ

378 3277 547 3350 κτησάμενον
567 3267 583 3343 ἢ
606 3275 713 3342 Ζήνωνα
741 3277 788 3329 τὸν
814 3280 910 3332 ἑαυτοῦ
936 3275 1078 3348 μαθητήν·
1105 3269 1163 3347 ἅμα
1191 3273 1221 3330 δέ
1242 3268 1285 3330 δτι
1306 3272 1362 3341 ’τοῖς
1383 3279 1464 3347 ἐσχά·

381 3398 437 3441 τοις
457 3374 526 3451 άρχη
547 3379 677 3451 σωτηρίας
699 3379 769 3433 ἐστίν
790 3375 805 3447 ἡ
827 3383 896 3453 πρός
916 3381 950 3435 τά
971 3381 1039 3451 μέσα
1061 3376 1196 3439 σύνταξις·
1224 3376 1270 3431 διά
1291 3379 1389 3436 τούτων
1409 3378 1464 3457 γάρ

381 3478 549 3536 άπολαύυυνι
572 3478 689 3534 καὶτῶν
709 3479 823 3553 πρώτων
844 3477 970 3554 άγαθῶν.
1014 3477 1062 3534 καὶ
1089 3481 1174 3534 ταῦτα
1195 3479 1244 3552 μέν
1262 3480 1326 3556 περὶ
1347 3486 1391 3552 τῆς
1411 3485 1464 3537 τῶν
1486 3481 1491 3485 ’
1525 3486 1530 3491 ⁴

381 3580 519 3655 ἑπομένωά
541 3582 699 3657 προθέσεως
724 3579 788 3653 ἡμῖν
815 3582 936 3658 εἰρήσθω
963 3584 1069 3638 πάντων
1097 3583 1192 3656 λόγων.
1235 3579 1259 3637 εί
1279 3581 1307 3636 δέ
1330 3583 1361 3654 δίη
1382 3586 1465 3638 πάλιν

382 3684 534 3755 γυμνασίαν
555 3687 648 3753 καλοίη
670 3685 767 3754 ταύτην
787 3686 833 3757 την
853 3685 1027 3756 διαλεκτικήν,
1049 3681 1096 3741 οὗκ
1119 3671 1203 3740 οὖσαν
1224 3685 1465 3759 έπιχειρηματικέην,

384 3782 415 3838 ού
433 3790 485 3861 χρη
505 3788 670 3858 θαυμάζειν·
709 3789 785 3843 πάσα
806 3788 861 3863 γάρ
879 3783 894 3856 ἡ
909 3789 1002 3860 λογικη
1024 3767 1140 3852 διέξοδος
1160 3786 1208 3843 καί
1228 3781 1243 3854 ἦ
1265 3784 1375 3850 άνέλιξις
1396 3777 1464 3859 αὕτη
1511 3853 1518 3864 x
1579 3843 1585 3850 ,

384 3889 437 3942 τῶν
456 3890 638 3965 θεωρημάτων
659 3889 694 3952 ὡς
715 3890 784 3966 πρὸς
803 3891 850 3958 τὴν
871 3889 967 3964 νοεράν
995 3890 1063 3960 ζωὴν
1091 3891 1239 3963 γυμνάσιον
1264 3890 1348 3944 ἐστίν·
1377 3881 1464 3965 ὥςπερ

382 3985 438 4064 γάρ
457 3993 504 4061 τήν
524 3994 666 4068 καρτερίαν
687 3993 838 4068 γυμνασίαν
858 3992 928 4066 πρός
949 3987 1074 4064 άνδρείαν
1095 3991 1142 4046 καλ
1162 3992 1208 4060 την
1225 3992 1381 4066 ε’γκράιειαν
1395 3993 1465 4067 πρός

382 4093 556 4166 «σωφροσύνην
575 4092 715 4167 καλοῖμεν,
738 4088 806 4150 ούτω
827 4093 874 4148 καλ
895 4095 941 4163 την
962 4095 1071 4166 λογικήν
1091 4095 1184 4149 πάσαν
1205 4094 1326 4169 θεωρίαν
1347 4093 1383 4158 ὧς
1395 4094 1465 4168 πρός

381 4197 429 4264 την
449 4196 544 4271 νοεράν
564 4201 663 4269 γνῶσιν
683 4199 835 4272 γυμνασίαν
855 4198 1064 4271 προςονομάζειν
1085 4193 1244 4270 άξιώσομεν·
1267 4196 1314 4252 καλ
1335 4196 1370 4260 ὡς
1387 4191 1488 4274 ἡδο-ρ

381 4301 490 4368 ξαστικη
512 4298 622 4371 δύναμις
635 4304 704 4378 πρός
716 4299 856 4377 άμφότερα
872 4300 1115 4376 παρασκευασμένη
1126 4295 1154 4380 ⁸)
1180 4300 1341 4364 δοξαστικαῖς
1362 4300 1465 4373 γυμνά-

456 4549 483 4612 l)
507 4554 535 4600 Α.
555 4555 602 4600 τοῦ
619 4553 727 4621 τρόπον.
755 4581 784 4592 -
820 4554 851 4622 2)
871 4556 900 4606 Β.
921 4553 953 4604 C·
972 4559 1143 4623 συνέρχονται.
1161 4581 1194 4591 ·-
1228 4551 1260 4618 ὅ)
1278 4554 1310 4602 Ι).
1330 4549 1409 4619 αὐτῷ.
1433 4578 1463 4591 ·-

385 4636 417 4700 4)
438 4636 466 4684 Β.
489 4635 518 4684 (ἶ.
539 4639 567 4686 Ιλ
589 4641 792 4706 παρακελεύεται.
832 4671 863 4682 -
896 4639 927 4704 δ)
947 4641 975 4690 Β.
995 4639 1025 4690 C.
1047 4645 1281 4710 παρασκευασμένη.
1406 4637 1407 4641 ’
