3775 5442
468 652 511 714 72
791 645 876 733 Liber
897 644 1017 722 primur.
1056 633 1159 702 'Sectio
1182 640 1229 698 iV.

471 823 635 894 diderunt,
670 817 710 879 ad
731 836 797 879 rem
819 819 1015 898 praesentem
1038 811 1107 872 crui
1128 816 1237 889 queat,
1272 812 1432 888 exquirere
1461 831 1552 872 cona-

471 927 588 997 bimur,
621 920 842 999 ecquomodo
877 918 1069 998 singulorum
1100 916 1240 978 iocorum
1276 916 1457 976 seutentiam
1492 914 1579 974 rite·

470 1023 706 1107 explanabimus.

910 1190 1118 1201 ----

808 1324 1211 1402 SectiolV.

471 1498 636 1564 ilia-tratur
665 1495 847 1557 Parmenidis
875 1500 1020 1559 sententia
1048 1497 1083 1556 de
1111 1496 1178 1555 Uno
1199 1493 1340 1553 abaoiuto.
1385 1497 1552 1565 Quaeritur,

533 1583 601 1660 quid
624 1580 720 1640 Ununr
742 1583 814 1640 iilud
837 1584 890 1655 ait3
920 1583 1124 1659 expenduntur
1145 1583 1245 1638 variae
1260 1583 1388 1636 uirorum
1402 1572 1552 1637 ‹idctoruru

533 1670 568 1726 de
591 1683 680 1724 aare
702 1670 863 1744 opiniones.
893 1669 1145 1746 Pythagoreorum
1163 1668 1307 1725 sententia
1326 1667 1466 1740 quaedam
1484 1668 1551 1721 iiiu-

534 1765 644 1811 atratur
665 1762 695 1808 et
717 1771 784 1810 euna
807 1752 938 1811 Piatonis
961 1756 1076 1812 ratione
1097 1754 1279 1809 conciliatur.
1322 1750 1495 1825 Disputatur
1516 1752 1552 1808 de

531 1839 654 1896 materia
675 1857 698 1894 a.
719 1837 882 1895 substantia
902 1838 1034 1897 idearum
1056 1837 1218 1916 cogitabiii.

553 1989 743 2051 Accedamus
764 1990 860 2070 igitur
881 1989 920 2051 ad
943 1988 1142 2051 enarrandam
1171 1994 1290 2069 partem
1317 1987 1462 2068 primam,
1493 2006 1552 2067 qua

470 2093 670 2172 disquiritur,
693 2091 783 2170 quid,
806 2093 833 2153 si
854 2110 951 2153 unum
973 2110 1042 2154 esse
1058 2097 1206 2172 ponatur,
1230 2092 1270 2153 de
1284 2091 1351 2171 ipsa
1368 2090 1553 2152 iliaunitate

470 2213 582 2283 perse
601 2201 739 2286 spectata
760 2194 891 2267 iudicari
913 2199 1066 2273 oporteat.
1110 2194 1344 2258 Introducamus
1363 2200 1464 2254 autem
1476 2193 1551 2252 Par-

469 2299 641 2373 menidam,
670 2298 719 2358 cui
741 2298 823 2378 apud
845 2298 1005 2358 Platonem
1027 2295 1147 2359 iuvenis
1169 2298 1309 2377 quidam,
1338 2298 1461 2363 nomine
1481 2296 1552 2358 riri-

470 2403 614 2475 sioieies,
637 2402 842 2462 interlocuior
863 2400 971 2473 adest,
993 2408 1146 2480 perpetuo
1169 2420 1312 2462 sermone
1335 2405 1488 2474 utentem,
1511 2419 1552 2460 ne

470 2504 618 2567 orationis
646 2505 769 2584 saepius
796 2502 961 2564 variandae
983 2509 1016 2563 ct
1047 2504 1259 2582 interrogandi
1281 2504 1552 2583 respondendique

469 2608 584 2670 vicibus
612 2606 850 2687 distinguendae
876 2607 1044 2668 necessitas
1066 2607 1165 2686 pariat
1194 2595 1431 2681 diuturnitatem,
1465 2611 1551 2667 tanto

469 2711 681 2780 molestiorem
709 2710 791 2772 iiiam
814 2710 967 2785 suturam,
994 2717 1108 2788 quanto
1131 2709 1248 2769 maiore
1270 2727 1348 2788 opus
1370 2717 1418 2770 est
1439 2710 1551 2769 mentia

469 2812 668 2875 contentione
690 2815 729 2875 ad
751 2813 980 2895 percipiendam
1003 2813 1063 2872 rim
1092 2811 1336 2873 acutissimorum
1360 2791 1552 2873 conclusiun-

469 2917 624 2993 cuiarum,
648 2938 727 2999 quae
748 2923 899 2999 perpetua
919 2917 1001 2979 seria
1023 2935 1041 2976 a
1063 2915 1267 2988 sordidissimo
1286 2916 1480 2996 disputatore
1503 2935 1552 2976 ac

469 3020 673 3094 cumulantur.
716 3021 774 3080 Est
794 3019 891 3098 igitur
912 3019 1011 3099 prima
1032 3037 1104 3098 pars
1126 3016 1213 3085 haec.

554 3123 588 3185 Si
614 3120 715 3183 Unum
736 3127 799 3196 est,
822 3121 923 3199 iuquit
943 3118 1163 3201 Parmenides,
1185 3121 1312 3189 unitatis
1333 3119 1392 3185 uim
1408 3120 1552 3191 absolute

469 3242 587 3304 ponens
609 3240 711 3302 nequa
732 3221 826 3283 uliam
848 3221 1016 3294 rationem,
1038 3222 1169 3298 querci
1192 3239 1295 3283 secum
1318 3221 1368 3281 rel
1390 3238 1458 3283 cum
1483 3224 1563 3287 aiiis·

469 3325 565 3396 rebus
586 3325 796 3399 contineatur,
818 3325 848 3385 ei
869 3323 1058 3396 attribuerim
1085 3340 1147 3385 uon
1168 3322 1265 3397 molta
1286 3321 1365 3398 iliud
1388 3341 1457 3386 esse
1479 3347 1552 3388 con·

469 3427 540 3504 cedi
568 3433 702 3508 oporiet,
755 3428 853 3508 igitur
882 3446 939 3488 nec
964 3444 1037 3507 pars
1065 3424 1132 3489 eius
1159 3427 1222 3492 ulia
1248 3426 1461 3504 discernetur,
1495 3449 1552 3499 nec

468 3529 571 3610 ipsum
591 3536 692 3592 totum
711 3532 860 3612 appellari
881 3530 998 3612 poterit
1011 3528 1060 3609 *),
1082 3528 1217 3608 ideoque
1230 3531 1348 3600 carebit
1362 3533 1453 3601 etiarn
1467 3534 1553 3613 prin-

469 3632 566 3713 cipio,
588 3634 711 3711 medlo,
733 3635 811 3712 fine,
834 3635 950 3716 quippo
965 3653 1043 3714 quac
1054 3652 1112 3713 pro
1124 3634 1265 3713 partibus
1279 3635 1376 3697 totius
1391 3635 1552 3699 habendae
1582 3643 1589 3651 '

470 3741 575 3799 essent
588 3736 651 3814 ῃ),
694 3737 784 3816 Quod
807 3737 834 3799 si
846 3739 890 3800 ita
902 3744 968 3814 est,
989 3757 1047 3798 nec
1065 3737 1263 3811 terminatum
1281 3738 1342 3799 erit
1361 3738 1425 3809 uilo
1446 3729 1550 3814 modo,

469 3838 612 3918 adeoque
632 3839 754 3903 iormoe
774 3847 807 3900 et
829 3841 947 3922 {igunae
967 3845 1097 3921 prorsuis
1118 3859 1228 3920 expers
1259 3840 1368 3901 evadet
1382 3841 1461 3921 m).
1504 3844 1551 3918 Er

470 3959 532 4021 quo
560 3943 775 4022 consequitur,
811 3951 845 4014 ut
870 3962 1020 4024 nusquam
1048 3961 1119 4008 essa
1140 3943 1269 4007 iudicari
1292 3949 1435 4022 oporteat
1450 3943 1550 4022 Μ’).

469 4043 578 4123 Neque
606 4043 686 4116 enirn
716 4053 770 4111 aut
795 4048 825 4109 in
855 4048 916 4113 alio
946 4046 1090 4126 quopiam
1120 4051 1173 4105 aut
1200 4044 1232 4104 iu
1259 4051 1359 4106 semet
1387 4046 1455 4124 ipso
1479 4063 1549 4111 esec

469 4145 595 4225 poterit,
638 4147 803 4211 Enimvero
825 4150 857 4212 io
880 4148 941 4209 aiio
965 4148 1088 4227 quidem
1111 4147 1138 4207 si
1158 4155 1242 4208 esset
1260 4148 1426 4220 inclusum,
1449 4149 1486 4208 ab
1510 4169 1549 4216 eo

470 4240 605 4328 tardique
627 4248 870 4330 circumdaretur
886 4250 1087 4333 piurimisqqc
1099 4252 1240 4331 partibus
1254 4250 1330 4330 iliud
1345 4250 1549 4332 contingeret,

415 4457 418 4462 .
536 4422 562 4466 o
580 4414 610 4463 r.
629 4414 690 4464 raa.
710 4414 741 4465 c.
760 4416 794 4467 n.

519 4481 563 4546 aa)
580 4481 649 4564 rora.
668 4485 702 4536 n.
737 4551 744 4566 Ὦ

497 4550 569 4681 ³11}
