3775 5442
726 622 1049 683 PARMENlDES.
1375 626 1437 690 851

346 788 541 878 α’πηλλόγη,
564 797 654 859 οἵτε
677 792 818 882 doesnel
841 795 954 878 ἔλεγον
975 791 1068 877 αὐτῷ
1087 784 1134 860 ὦν
1156 800 1250 860 ἕνεκα
1272 805 1440 882 παρεῖμεν,

346 891 548 983 όνεγνιόρισέ
577 902 612 962 τέ
640 922 680 980 με
714 903 748 962 ἐκ
778 902 837 976 τῆς
866 905 1033 984 προτέρας
1056 898 1233 981 ἐπιδημίας
1255 903 1311 966 καὶ
1332 896 1438 981 ἠσπά-

347 999 430 1077 ζετο.
464 1000 521 1063 καὶ
550 999 714 1083 δεομένων
741 998 834 1083 ἡμῶν
863 1000 1014 1066 διελθεῖν
1041 994 1121 1076 τοὺς
1142 997 1281 1086 λόγους,
1309 996 1349 1066 τό
1377 1009 1438 1087 μὲν

348 1106 484 1188 πρῶτον
505 1095 615 1167 ω’κνει·
646 1096 732 1167 πολὺ
753 1097 820 1188 γὰρ
843 1105 907 1188 ἔφη
931 1105 1029 1186 ἔργον
1051 1101 1154 1168 εἶναι·
1188 1107 1301 1169 ἔπειτα
1322 1110 1438 1187 μέντοι

347 1206 506 1290 διηγεῖτο.

430 1301 516 1396 Ἔφη
546 1306 581 1370 δὲ
610 1302 651 1387 δι’]
680 1305 699 1371 ὁ
721 1305 887 1397 Ἀντιφῶν
915 1309 1021 1392 λέγειν
1043 1303 1104 1374 τὸν
1127 1305 1360 1393 Πυθόδωρον,
1382 1305 1437 1374 ὅτι

347 1405 530 1499 ἀφίκοιντό
559 1432 640 1474 ποτε
666 1413 711 1484 εἰς
739 1406 980 1490 Παναθήναια
1011 1404 1054 1473 τὰ
1088 1407 1218 1496 μεγάλα
1252 1407 1368 1490 Ζήνων
1403 1430 1473 1489 τεΒ

348 1514 406 1577 καὶ
428 1512 657 1598 Παρμενίδης.
692 1505 752 1577 τὸν
780 1514 840 1595 μὲν
869 1503 928 1577 οὖν
957 1513 1174 1597 Παρμενίδην
1209 1503 1243 1577 εὖ
1273 1511 1367 1597 μάλα
1396 1509 1436 1594 δη

349 1611 540 1699 πρεσβύτην
562 1614 662 1692 εἶναι,
691 1612 827 1705 σφόδρα
849 1613 978 1688 πολιόν,
1008 1608 1112 1678 καλὸν
1134 1615 1168 1677 δὲ
1191 1610 1354 1699 κάγαθὸν
1377 1611 1439 1697 τὴν

349 1711 449 1806 ὄψιν,
478 1718 554 1798 περὶ
576 1719 632 1796 ἔτη
660 1713 807 1801 μάλιστα
829 1723 926 1783 πέντε
950 1718 1005 1781 καὶ
1030 1712 1208 1795 ἑξήκοντα·
1242 1715 1382 1798 Ζήνωνα
1404 1718 1438 1782 δὲ

436 1995 525 2054 nolui
544 1995 613 2075 γιὶρ
634 1997 696 2071 ἔφη
718 1996 824 2074 ἔργον
846 1990 974 2072 εἶναι’]
999 1996 1056 2063 Qut
1078 1996 1165 2073 nugis
1188 1994 1370 2052 delectantur
1391 1996 1438 2054 in·

349 2096 470 2171 onibus,
499 2096 548 2156 iric
569 2115 683 2174 quoque
712 2099 813 2178 legant
843 2116 916 2172 quse
946 2099 981 2156 de
1003 2099 1048 2156 his
1070 2097 1168 2157 verbis
1190 2110 1371 2156 commentus
1394 2109 1438 2156 est

352 2197 476 2259 Procius
503 2199 540 2264 T.
563 2201 612 2260 tv.
647 2221 674 2277 p.
698 2202 738 2258 83
756 2219 799 2276 sq.
843 2198 934 2258 Nobis
966 2221 1000 2258 cs
1029 2201 1140 2259 referre
1171 2202 1292 2278 perinde
1320 2201 1438 2259 ridetur

348 2322 412 2361 esse
433 2322 469 2361 sc
490 2303 564 2362 nihil
585 2303 700 2382 agendo
722 2302 828 2359 tonum
851 2313 1001 2360 conterere
1022 2307 1124 2369 otium.
1169 2306 1314 2372 Quocirca
1332 2307 1436 2362 iterum

348 2408 509 2483 iterumque
530 2425 680 2485 rogamus,
701 2417 735 2463 ut
756 2425 793 2462 ne
815 2406 917 2462 talium
939 2426 1083 2484 nugarum
1106 2412 1273 2480 contemtio,
1304 2410 1437 2484 qnonsris

349 2508 470 2567 subinde
492 2510 589 2566 exiis
611 2511 727 2585 sliquse
749 2510 813 2566 reri
836 2510 1014 2566 scintillulae
1037 2512 1161 2567 emicare
1183 2512 1354 2584 videantur,
1383 2530 1438 2568 no-

349 2612 394 2668 lris
428 2612 503 2669 vitio
533 2591 675 2669 vertatur.
729 2610 797 2668 Non
823 2612 918 2667 minus
950 2614 1047 2684 inepto
1076 2624 1144 2669 snnt
1169 2631 1242 2688 quse
1275 2615 1351 2672 idem
1388 2616 1437 2672 ille

350 2714 442 2771 tronus
462 2714 577 2770 scilieet
599 2724 752 2771 enarrator
773 2732 801 2788 p.
815 2716 855 2770 86
869 2732 933 2788 sqq.
955 2715 991 2771 de
1006 2714 1217 2772 Panathenseis
1230 2717 1325 2794 garrit
1341 2718 1438 2774 omnis

348 2812 530 2894 δλληγορικός
556 2818 762 2891 interpretsns.
807 2814 906 2872 Satius
927 2818 985 2873 erit
1012 2816 1175 2892 inspexisse
1197 2815 1360 2874 disortium
1383 2816 1439 2874 Ps-

351 2917 467 2977 ostlseo.
489 2938 516 2982 e.
536 2922 643 2996 lllsqq.
665 2916 736 2978 Litt.
758 2917 848 2975 Attio.
872 2919 906 2976 ΙΙ.
926 2922 974 2978 12.
997 2929 1026 2976 et
1050 2918 1231 2976 crassorum
1255 2917 1384 2997 Symbol.
1402 2921 1437 2982 ΙΙ.

352 3041 379 3095 p.
401 3023 462 3078 808
480 3040 544 3098 sqq.
587 3021 732 3078 Videntur
754 3032 850 3078 autem
872 3022 956 3079 Zeno
980 3031 1008 3078 et
1031 3021 1219 3079 Parmeniden
1240 3024 1271 3078 in
1292 3020 1439 3080 Panathe-

350 3140 489 3180 oscorum
516 3123 686 3181 celebritate
707 3121 829 3182 Athenis
850 3126 1023 3182 commorati
1044 3144 1119 3195 esse,
1149 3135 1183 3182 ut
1204 3144 1283 3182 more
1307 3135 1439 3181 veterum

350 3222 586 3302 philosophorum
607 3225 793 3304 divulgandis
815 3227 945 3285 inventis
966 3231 1027 3287 suis
1050 3229 1209 3305 sapientiae
1223 3227 1436 3303 laudematque

350 3328 474 3405 glorism
496 3329 728 3405 adipiscerentur
750 3333 798 3388 vel
819 3331 951 3407 adeptam
974 3346 1124 3410 augerent.
1169 3331 1268 3407 itaque
1291 3330 1437 3408 aPp-tiso·

350 3431 421 3488 «loro
443 3430 572 3506 bospitio
594 3433 709 3507 excepti
731 3433 895 3490 iaciendum
917 3443 1067 3508 potarunt,
1089 3444 1122 3488 ut
1145 3432 1228 3489 Zeno
1250 3435 1436 3506 scriptionem

349 3551 431 3592 suasa
452 3536 612 3592 amicorum
634 3536 731 3595 coetui
752 3535 944 3612 praelegeret.
974 3533 1046 3590 Eam
1069 3533 1264 3613 divulgandae
1286 3531 1437 3592 doctrinae

350 3636 491 3696 rstionerss
519 3637 652 3712 pristinis
679 3637 858 3714 temporibus
886 3647 915 3693 et
944 3646 1169 3694 consentaneam
1205 3636 1293 3694 foisse
1321 3647 1350 3692 et
1377 3656 1437 3695 non

351 3738 536 3811 inusitstsm,
559 3743 709 3819 verissime
731 3741 835 3798 statuit
858 3736 1088 3804 Pouzcrds'eter.
1116 3737 1164 3797 De
1185 3737 1321 3816 Diogene
1345 3736 1435 3818 Apol·

350 3840 463 3899 laniate
483 3861 512 3918 p.
538 3843 586 3901 13.

434 3991 470 4061 Β.
513 3987 549 4055 εδ
574 3998 667 4076 μάλα
693 4002 735 4075 δὴ
763 4000 965 4080 πρεσβύτην
987 3996 1111 4078 εἷναι,]
1137 3996 1274 4056 Socrates
1297 3998 1358 4075 ipse
1380 3994 1436 4055 So·

351 4093 436 4170 phist.
460 4117 487 4172 p.
509 4100 582 4160 217.
596 4101 629 4160 C.
671 4107 827 4183 Παρμενδδη
840 4134 882 4150 -ι-
903 4100 1093 4183 παρεγενόμην
1113 4102 1168 4179 ἐγώ
1190 4101 1249 4169 νεός
1271 4096 1316 4170 ὧν,
1337 4104 1437 4159 ἐκεῖνον

348 4195 423 4270 μάλα
444 4200 476 4274 δὴ
497 4201 558 4262 τότε
579 4199 656 4273 ὄντος
677 4207 838 4284 πρὲοβότου.
882 4207 927 4264 De
950 4217 1110 4282 ternpornm
1134 4205 1295 4263 rationibus
1317 4206 1346 4261 in
1366 4202 1436 4260 Pro-

350 4302 512 4381 legoustnis
541 4306 660 4370 dictum.
689 4344 732 4355 -
774 4312 854 4389 περὶ
885 4311 942 4384 ἔτη
971 4308 1124 4386 μάλιστα
1146 4313 1244 4368 πέντε
1265 4306 1324 4366 καὶ
1351 4297 1433 4377 {Sd-

349 4428 470 4476 κοντα,
493 4407 513 4464 i.
536 4427 561 4464 e.
581 4411 705 4470 circiter
726 4415 854 4492 quinque
876 4421 905 4470 et
927 4414 1093 4488 sexaginta
1116 4431 1210 4469 annos
1233 4411 1362 4489 el'puod
1382 4432 1437 4470 ex-

349 4512 447 4568 currit
470 4519 579 4582 παίειν,
601 4530 667 4569 nam
691 4514 732 4571 ita
747 4513 864 4591 μάλιστα
886 4515 1015 4571 numeris
1036 4512 1180 4569 adiectum
1201 4514 1329 4591 iutelligi
1351 4531 1437 4588 opor-

354 4624 415 4670 tere
439 4613 601 4673 docuerunt
625 4614 797 4677 Salmasius
823 4616 868 4675 De
891 4616 976 4675 modo
999 4631 1160 4673 usur-crum
1183 4616 1296 4691 ppos.
1322 4611 1437 4692 Taylor
