3775 5442
643 630 729 689 Liber
751 634 867 706 quintus.
911 630 1011 691 Sectis
1033 633 1086 691 Xl.
1345 633 1409 695 als

327 810 566 865 consentaneum
593 809 658 878 cst,
696 821 765 865 ιιιιι
794 802 851 866 sub
880 803 992 867 mentis
1018 803 1171 866 humanae
1200 803 1408 884 cognitionem

328 924 400 969 assa
427 903 606 968 subiectam.
656 904 765 987 Neque
791 906 867 967 illud
891 908 1051 988 quisquam
1073 907 1277 983 initiabitur,
1305 907 1409 969 mulli-

326 1010 440 1091 plieem
467 1009 498 1070 ei
525 1027 594 1069 cum
621 1008 701 1071 ideis
728 1009 821 1071 certia
848 1012 1091 1091 proprietatibus
1125 1010 1282 1074 distinctis
1312 1010 1410 1073 tatar-

327 1111 440 1177 eedera
460 1111 612 1175 milonem
632 1117 726 1193 atque
747 1114 1015 1175 necessitudinem.

412 1214 530 1279 Verum
558 1216 639 1277 enim
668 1234 742 1276 vero
770 1235 863 1297 quarn
891 1217 936 1279 ita
963 1219 1051 1292 idea,
1085 1221 1235 1296 quatenus
1262 1215 1301 1279 ab
1323 1214 1410 1277 sitir-

325 1319 481 1381 mantibus
509 1319 589 1382 ideis
618 1318 740 1383 diversa
761 1324 827 1394 est,
857 1320 938 1384 notis
960 1320 1143 1401 negantibus
1165 1319 1409 1390 determinetur3

325 1427 431 1483 umen
450 1422 616 1502 dupliciter
636 1423 755 1500 poterit
775 1423 975 1487 considerari.
1019 1423 1083 1485 hut
1109 1423 1191 1485 enim
1211 1422 1355 1485 absolute
1377 1424 1410 1483 at

323 1544 384 1606 per
411 1543 448 1588 se
475 1543 615 1587 seorsum
645 1517 780 1603 spectari
804 1527 939 1605 poterit,
974 1531 1028 1587 aut
1060 1525 1104 1587 ita
1135 1525 1339 1600 considerari,
1375 1529 1410 1586 ut

324 1646 424 1691 nexus
445 1626 554 1708 filiius,
587 1644 650 1706 quo
676 1645 746 1687 cum
772 1628 926 1691 alentibus
947 1629 1027 1692 ideis
1048 1627 1211 1691 coniuncta
1231 1632 1297 1703 est,
1327 1625 1409 1689 ratio

324 1730 491 1795 habeatur.
533 1729 580 1790 lix
602 1746 662 1807 qua
679 1728 758 1791 illud
770 1729 865 1793 habet
877 1731 1129 1814 explicationem,
1151 1730 1278 1811 qundei
1291 1746 1410 1792 summo

324 1833 394 1897 tara
426 1830 579 1895 contraria
605 1831 680 1893 licet
711 1834 893 1898 attribuere.
947 1835 1026 1899 Nam
1059 1836 1194 1916 primum
1221 1831 1347 1914 quidam
1374 1848 1411 1893 aa

325 1936 486 2017 propriam
508 1932 568 1999 sibi
587 1933 683 1997 habet
704 1933 1013 2015 dissimilitudinem,
1033 1944 1186 2021 quatenus
1203 1931 1411 2015 discrepatab

325 2039 405 2103 itai·
428 2039 523 2101 aienti
544 2037 638 2100 modo
661 2039 776 2101 linitisa
805 2046 913 2103 centn
933 2039 1174 2103 simulitudinem
1186 2037 1411 2103 sibivindiosre

325 2140 480 2206 menda
501 2147 565 2216 ιιι,
588 2142 730 2221 quonlam
752 2143 785 2203 in
806 2152 1002 2227 suspectata
1021 2160 1084 2206 non
1105 2148 1212 2226 potest
1241 2138 1410 2221 suiipsius

325 2247 391 2309 nlln
412 2244 508 2308 modo
530 2261 600 2306 esse
621 2246 788 2309 dissimilis.
830 2247 997 2313 Enimuero
1010 2245 1215 2331 quominusei
1232 2236 1408 2322 ταύτότης,

324 2349 394 2411 sire
420 2347 560 2429 perfecta
581 2354 709 2411 naturae
732 2352 943 2414 convenientia
965 2358 998 2415 et
1017 2352 1221 2434 aequabilitas
1241 2349 1408 2422 tribuatur,

324 2446 406 2513 illud
432 2450 580 2531 impedit,
615 2453 700 2532 quud
725 2453 786 2515 ista
813 2454 938 2533 quidem
959 2457 1058 2520 virtus
1079 2453 1256 2517 necessario
1276 2450 1410 2533 requirit

325 2554 473 2617 alentium
497 2553 747 2636 praedicatorum
776 2559 994 2622 accessionem.
1043 2558 1163 2621 Deinde
1192 2557 1266 2618 idea
1285 2554 1411 2635 neganti

325 2656 421 2721 nodo
449 2656 668 2733 determinato,
701 2660 730 2721 si
758 2679 826 2723 eam
854 2682 1016 2743 compares
1045 2681 1113 2725 cum
1141 2660 1241 2722 altero
1269 2659 1410 2720 idearum

326 2777 460 2841 ςιιιιιι,
492 2762 584 2825 etlam
612 2762 793 2841 quantitatis
821 2764 1030 2827 differentiam
1066 2765 1132 2843 sive
1159 2761 1410 2839 inaequalitatem

327 2862 392 2924 sibl
412 2865 567 2950 propriam
589 2865 745 2926 vindicare
763 2866 894 2929 dicenda
912 2868 982 2928 erit.
1026 2865 1149 2946 Quippe
1162 2863 1296 2924 ambitus
1306 2862 1411 2924 istius·

328 2961 418 3024 modi
444 2964 575 3029 notionis
603 2973 653 3029 est
679 2967 834 3043 infinitus,
862 2970 950 3049 quia,
987 2969 1015 3032 sl
1041 2969 1127 3030 illam
1149 2965 1234 3026 dicas
1255 2982 1319 3025 non
1338 2963 1412 3024 hulc

326 3066 378 3127 rel
400 3064 446 3128 illl
466 3073 571 3147 generi
593 3090 664 3133 esse
686 3072 926 3149 subicientium,
949 3079 1131 3135 tamennon
1148 3067 1277 3144 indicas,
1300 3066 1411 3147 quibus

325 3189 364 3233 ea
392 3172 507 3235 linibus
534 3174 576 3235 slt
604 3175 842 3258 circumscripta.
894 3177 929 3239 ld
965 3176 1049 3258 quod
1079 3175 1168 3237 Plato
1202 3172 1235 3234 in
1263 3169 1412 3252 Sophiste

324 3294 356 3357 p.
378 3274 443 3337 25⁰
455 3295 523 3357 sqq.
556 3279 668 3341 clarius
692 3281 784 3341 etiam
806 3282 964 3361 exposuit,
987 3282 1028 3343 de
1054 3299 1115 3361 quo
1142 3277 1213 3341 loeo
1241 3272 1324 3337 inira
1351 3271 1413 3334 erit

324 3378 501 3444 dicendum.
545 3382 598 3443 Sin
621 3388 723 3444 autem
744 3383 845 3445 ideam
867 3386 1051 3465 negantibus
1071 3384 1153 3445 notis
1176 3378 1411 3442 determinatam

323 3501 383 3565 per
402 3503 441 3547 se
461 3486 559 3547 solam
582 3485 778 3560 consideres,
800 3506 837 3548 ea
857 3488 983 3550 sibimet
1004 3487 1065 3567 ipsi
1088 3485 1223 3565 aequalis
1242 3502 1313 3545 esse
1326 3481 1412 3543 aide-

324 3586 421 3651 bitur.
466 3591 656 3669 Quamquam
679 3590 761 3651 enim
783 3609 944 3670 quousque
970 3596 1075 3669 pateat
1105 3592 1171 3653 eius
1194 3588 1327 3650 ambitus
1347 3604 1411 3649 non
1480 3668 1485 3679 Ι

324 3697 376 3755 esa
402 3699 491 3754 cerlo
519 3693 695 3768 definitum,
733 3697 837 3754 lamen
864 3693 915 3753 rel
941 3692 975 3752 in
1002 3692 1062 3753 ista
1092 3692 1244 3755 infinitate
1278 3709 1315 3754 ee
1348 3708 1411 3752 non

323 3800 434 3874 potest
455 3802 556 3857 semet
576 3797 643 3876 ipsa
665 3796 797 3875 amplior
809 3815 880 3860 esse
895 3802 949 3858 aut
962 3797 1158 3861 contractior.
1202 3795 1303 3857 Parra
1318 3792 1411 3855 ιιίιιιι

324 3896 405 3959 illud
428 3898 543 3959 clarum
567 3907 617 3960 est
638 3907 731 3980 atque
753 3901 966 3980 perspicuum,
997 3902 1097 3963 ideam
1120 3901 1187 3961 eius
1209 3894 1349 3977 generis,
1371 3893 1413 3954 de

325 4018 388 4079 quo
416 4000 590 4080 loquimur,
625 4002 652 4063 si
679 4001 821 4064 absolute
848 4008 881 4065 ct
906 4022 964 4083 per
985 4023 1021 4067 sc
1042 4002 1275 4074 consideretur,
1305 3996 1413 4077 utique

323 4120 387 4162 non
410 4122 483 4191 esse·
500 4103 629 4166 indicari
652 4108 816 4185 oportere,
846 4107 1095 4187 quandoquidem
1128 4102 1281 4165 aientibus
1309 4100 1412 4180 priua·

323 4210 379 4267 tur
405 4206 566 4270 attributis
596 4210 749 4272 omnibus.
803 4207 1010 4271 Nihilominus
1043 4207 1168 4279 eadem,
1203 4207 1232 4269 sl
1259 4205 1412 4267 rationem

321 4306 496 4371 habeamus
525 4311 593 4372 elus
623 4311 865 4387 coniunctionis,
899 4331 959 4392 qua
988 4329 1056 4371 eum
1084 4308 1312 4370 affirmantibus
1333 4303 1413 4366 ideis

320 4430 402 4475 nexa
425 4418 475 4475 est
495 4417 589 4493 atque
610 4413 769 4494 copulata,
791 4415 824 4477 ln
846 4415 1026 4476 sacietatem
1050 4412 1203 4491 quandum
1230 4408 1313 4469 venit
1335 4406 1412 4481 elue,

321 4515 411 4595 qnod
435 4532 504 4578 esee
526 4516 729 4592 arbitramur,
764 4518 905 4596 adeoque
934 4519 1054 4577 abiecta
1076 4513 1206 4594 pristina
1227 4517 1335 4572 natura
1358 4528 1413 4570 sua

321 4618 514 4683 affirmantia
536 4621 623 4701 signa
645 4626 739 4701 atquc
760 4627 851 4681 notas
874 4620 905 4680 lu
928 4639 963 4682 se
986 4615 1211 4695 complectitur.
1263 4615 1412 4697 Quocirca
