3775 5442
718 665 803 724 Liber
823 669 939 742 primus.
985 668 1085 728 scatia
1109 671 1142 729 i'.
1422 676 1477 734 'liti

390 835 453 895 ists
483 852 545 895 nou
574 836 820 915 complectantur
846 858 1025 909 nnmernm3
1069 843 1095 902 is
1126 843 1204 902 enirn
1245 861 1306 904 uon
1335 852 1384 906 est
1412 848 1479 907 sine

389 938 526 1010 unicurt
553 949 666 1018 sponte
687 941 886 1021 intelligitur,
910 962 950 1003 ne
963 945 1129 1005 tectionem
1145 947 1269 1025 quidem
1285 968 1355 1008 esse
1373 949 1475 1022 ailiam,

389 1058 473 1117 quae
494 1039 577 1101 luter
598 1061 692 1104 ιιιιιιι
715 1053 808 1122 atque
828 1052 929 1106 cetera
944 1049 1044 1108 laesam
1056 1048 1168 1108 babeat
1182 1052 1223 1124 ⁸).
1248 1087 1289 1097 -
1310 1051 1476 1112 Praeterea

390 1160 486 1202 nuum
517 1148 580 1203 tarn
610 1147 669 1207 sibi
695 1147 755 1225 ipsi
779 1168 868 1227 qnam
891 1153 1005 1212 ceteris
1027 1153 1154 1231 aequale
1176 1155 1294 1231 pariter
1316 1162 1408 1232 atque
1430 1157 1475 1216 in·

388 1247 522 1324 aequale
542 1266 613 1310 esse
633 1251 830 1312 iudicandum
852 1258 910 1313 est
954 1255 996 1314 int
1018 1255 1211 1332 aequalitatis
1233 1257 1357 1335 quidem
1380 1258 1475 1319 ratio-

389 1368 461 1410 nem
484 1350 516 1410 ei
537 1350 598 1413 hoc
619 1353 712 1413 modo
734 1355 889 1415 vindicare
910 1357 993 1421 licet.
1038 1358 1129 1435 Quoad
1152 1377 1244 1420 narium
1266 1365 1358 1438 atque
1372 1368 1474 1420 cetera

388 1454 437 1511 rei
461 1452 580 1515 maiora
601 1474 671 1517 ease
692 1457 836 1518 dicuntur
856 1461 906 1520 vel
928 1462 1062 1534 minora,
1086 1461 1116 1520 iai
1142 1479 1209 1522 non·
1224 1461 1298 1523 idea
1321 1462 1388 1522 lieri
1410 1463 1473 1523 erl-

388 1556 576 1618 stimaadum
598 1565 663 1633 cst,
690 1564 760 1638 qnia
784 1581 876 1622 unuln
897 1564 940 1624 sit
964 1582 1074 1636 noum,
1098 1571 1150 1625 ant
1172 1570 1275 1624 cetera
1293 1582 1355 1624 non
1368 1583 1472 1638 ainaim,

387 1661 445 1720 scd
473 1678 513 1722 oo
543 1663 646 1742 potins
668 1665 720 1738 lit,
757 1665 840 1743 qnod
868 1667 1028 1745 parvitatis
1050 1674 1103 1728 aut
1125 1666 1343 1747 magnitudinis
1363 1673 1473 1726 natans

390 1765 583 1826 extrinsecus
604 1766 643 1826 ad
666 1785 701 1827 ea
724 1769 863 1830 accessit.
913 1771 993 1831 Sunt
1020 1789 1094 1831 vcro
1122 1769 1281 1849 parvitatis
1305 1776 1337 1828 et
1358 1769 1474 1848 magni·

387 1868 507 1928 tudinis
536 1869 671 1930 ratium
702 1871 761 1931 sibi
788 1872 880 1950 plane
906 1873 1089 1932 coaatrarlae.
1140 1873 1200 1934 lam
1230 1872 1257 1932 ai
1285 1871 1420 1949 paruitas
1441 1872 1474 1931 ln

390 1990 451 2030 arno
473 1972 571 2045 inest,
607 1973 816 2034 continebitur
838 1975 890 2035 ilia
912 1982 966 2036 anst
980 1976 1020 2036 iu
1040 1982 1131 2057 parte
1153 1975 1219 2036 eins
1243 1974 1344 2052 aliqua
1367 1974 1473 2033 autin

390 2083 466 2135 toto.
517 2074 552 2135 Sl
580 2074 612 2135 ln
642 2082 709 2136 toto
737 2078 833 2152 inest,
866 2085 919 2139 ant
947 2098 1003 2159 per
1028 2085 1130 2141 tatum
1152 2098 1246 2140 arnum
1268 2077 1473 2155 aequabiliter

389 2178 449 2237 erit
471 2174 600 2252 dltl‘nsa,
624 2187 678 2239 ant
699 2182 801 2259 cinget
823 2183 899 2242 illud
922 2203 958 2242 ae
980 2183 1189 2244 circumdabit.
1235 2181 1353 2259 Qtlodui
1375 2179 1472 2258 igituir

388 2300 446 2359 pca
466 2287 569 2343 totum
591 2284 796 2361 aequabiliter
813 2285 1021 2359 dilirnrdetnr,
1044 2303 1105 2346 non
1117 2285 1234 2364 poterit
1256 2302 1316 2343 non
1337 2283 1412 2355 lieri,
1437 2289 1471 2343 ut

387 2386 457 2462 ipsa
478 2386 610 2464 parvitas
631 2386 676 2459 ei,
713 2388 795 2464 quod
823 2406 915 2449 uniam
939 2408 1097 2462 vocamus,
1130 2390 1221 2467 plane
1249 2386 1384 2465 aequalia
1412 2386 1469 2445 sit:

386 2488 437 2546 sin
467 2496 569 2549 antem
595 2490 673 2551 lllnd
696 2491 881 2565 circumdet,
915 2493 983 2551 sirac
1004 2492 1100 2553 dnbio
1123 2493 1222 2551 maior
1244 2490 1354 2548 eodem
1377 2497 1470 2566 atque

386 2592 522 2670 amplior
549 2592 711 2655 ridebitur.
759 2594 802 2655 at
829 2595 909 2653 enim
934 2614 1006 2655 tero
1040 2602 1132 2672 quiam
1157 2594 1290 2673 parvitas
1313 2594 1396 2653 salvs
1418 2611 1470 2651 na-

386 2704 460 2755 tnra
482 2715 538 2756 sua
559 2698 742 2776 lion-possit
762 2698 814 2757 alii
835 2699 954 2758 cuidam
977 2699 1024 2758 rei
1047 2699 1182 2776 aequalis
1205 2716 1275 2758 esse
1296 2701 1349 2756 aui
1371 2696 1470 2756 maior

386 2816 428 2857 ea
449 2799 596 2871 existere3
625 2818 816 2877 consequens
839 2805 903 2873 est,
928 2808 962 2860 ut
983 2818 1020 2860 ea
1042 2801 1072 2859 in
1091 2804 1158 2858 toto
1173 2798 1295 2876 quidem
1312 2818 1373 2858 uno
1388 2798 1469 2858 baud

389 2901 601 2975 contineatur,
629 2903 702 2976 sed,
732 2902 759 2961 sl
788 2920 932 2978 usquam,
962 2903 993 2961 ln
1023 2903 1123 2979 aliqua
1144 2903 1212 2963 eins
1235 2892 1332 2978 parte.
1376 2900 1470 2978 Atqnl

388 3023 434 3063 ne
455 3002 516 3063 boc
536 3005 654 3082 quidem
678 3014 727 3066 est
748 3010 997 3065 consentaneum.
1053 3005 1128 3064 nam
1159 3005 1190 3063 in
1214 3020 1394 3081 quacunque
1416 3002 1470 3063 de-

384 3125 474 3167 rnnm
496 3114 583 3188 parte
605 3109 830 3183 continebitur,
853 3129 918 3169 earn
942 3114 996 3168 aaut
1017 3107 1162 3185 aequabit
1185 3116 1237 3168 aut
1260 3104 1470 3184 magnitudine

382 3231 442 3270 asra
472 3213 638 3291 superabit.
688 3212 733 3273 ita
763 3213 857 3291 igitur
880 3232 972 3289 quum
995 3230 1052 3271 nac
1074 3211 1102 3271 ln
1128 3219 1194 3271 toto
1219 3230 1278 3270 arno
1301 3209 1388 3281 insit,
1413 3226 1470 3267 nec

381 3314 416 3373 ln
446 3313 586 3375 eiusdem
614 3323 703 3396 parte
731 3316 830 3393 aliqua
862 3317 1070 3389 coartlueatnr,
1108 3316 1250 3394 prolecto
1272 3315 1303 3375 ln
1327 3316 1410 3374 nulla
1431 3332 1468 3375 ex

382 3420 423 3480 iis
452 3420 565 3491 rebus,
601 3437 675 3496 quaa
706 3438 775 3477 essa
805 3420 951 3491 dicimus,
981 3419 1083 3478 luceae
1112 3418 1275 3478 indicanda
1306 3419 1382 3492 erit,
1412 3438 1468 3478 neo

381 3521 554 3600 quidquam
583 3529 707 3600 praeter
735 3522 832 3599 ipsam
862 3524 1044 3601 perlitatum
1075 3542 1199 3599 parvnm
1224 3526 1309 3582 reete
1332 3517 1468 3581 nomina-

381 3624 497 3684 bimus.
543 3625 644 3700 alique
665 3625 746 3684 idem
770 3644 897 3704 prorsus
922 3626 1012 3683 etlam
1036 3627 1076 3685 de
1105 3625 1312 3703 magnitudine
1340 3626 1467 3685 iudicari

380 3734 522 3806 oportet.
569 3729 654 3804 Quae
676 3730 701 3787 ai
724 3729 753 3787 in
778 3729 915 3806 quapiam
939 3749 976 3788 re
997 3730 1129 3801 inesset,
1154 3736 1277 3806 praeter
1298 3729 1394 3807 ipsam
1419 3748 1466 3786 re-

379 3831 545 3911 periretur
573 3833 654 3908 qnod
684 3833 781 3892 maius
807 3840 908 3902 esset;
936 3834 1019 3909 «parad
1043 3832 1191 3893 abhorret
1211 3838 1325 3890 arecia
1340 3831 1466 3890 ratione.

379 3936 427 3995 Ex
450 3934 503 3994 lala
526 3940 628 3995 autem
652 3938 852 4015 consequitur
874 3937 1061 4010 certissime,
1085 3955 1141 3995 nec
1159 3940 1261 3994 cetera
1279 3952 1338 3993 arno
1352 3933 1469 3992 maiora

378 4047 434 4099 ant
459 4038 582 4097 minora
603 4056 688 4111 esse,
713 4046 746 4098 nt
768 4059 846 4117 qnae
868 4039 1026 4117 parvitatis
1046 4047 1079 4098 et
1096 4039 1315 4117 magnitudinis
1330 4048 1467 4099 naturam

377 4162 443 4203 non
455 4142 489 4202 in
504 4161 540 4201 se
560 4143 832 4220 comprehendant,
856 4162 913 4202 nec
927 4162 1018 4202 tanaim
1032 4144 1094 4204 illis
1110 4142 1205 4204 mains
1220 4149 1272 4203 aut
1294 4143 1394 4201 mirans
1408 4137 1470 4197 exi-

376 4256 480 4319 stere,
495 4247 637 4324 qnoniam
651 4248 761 4308 iisdem
776 4246 948 4307 rationibus
964 4267 1030 4306 eam
1045 4265 1151 4306 vacare
1165 4247 1268 4326 negari
1280 4265 1340 4306 non
1356 4245 1467 4320 potest.

375 4351 477 4432 stod
508 4350 536 4410 sl
557 4351 599 4410 lta
621 4357 687 4424 cat,
722 4369 815 4412 ainaim
843 4358 906 4411 tam
929 4351 1070 4429 sibiipsi
1094 4370 1185 4428 quam
1208 4350 1320 4409 ceteris
1343 4345 1470 4422 acapnale

374 4456 488 4539 putari
512 4453 676 4532 uenatu).
721 4456 783 4515 Sed
816 4455 913 4515 niblia
942 4455 1042 4515 nriiun
1064 4454 1140 4515 illud
1165 4471 1221 4511 uec
1244 4447 1468 4527 linaequalitatis

387 4574 589 4590 ——'—

449 4610 483 4669 ⁸)
503 4605 532 4652 r.
553 4574 618 4653 aaa.
640 4606 670 4652 n.
694 4634 721 4641 -
736 4602 803 4655 ain.
824 4606 856 4654 n.

437 4670 851 4740 memo-mn

1488 4658 1579 4814 Ι
