3775 5442
701 627 787 688 hiber
809 632 922 691 tertius.
967 630 1067 692 Sectis
1082 631 1116 692 ll.
1225 670 1229 681 ·
1383 638 1446 703 atti

364 789 406 858 τὸ
428 790 591 882 πρότερον
613 795 793 882 ἐπεδήμησε
816 798 1100 884 ἐκΚλαζομενῶνι
1122 807 1205 867 uude
1223 805 1300 867 illud
1323 807 1447 889 quidam

365 906 454 976 perte
482 903 684 982 intelligitur,
720 924 788 965 eum
819 905 873 965 din
897 905 1091 968 Clazomenis
1118 927 1223 970 rerum
1245 929 1370 972 arrarum
1390 911 1445 974 ha-
1478 961 1483 972 .

362 1004 470 1066 baisse
493 1005 700 1069 domicilium:
723 1006 805 1089 quod
828 1009 1064 1090 inCcphalum,
1086 1011 1200 1092 Lysiae
1216 1018 1348 1092 patrem,
1371 1033 1446 1076 uen-

363 1108 480 1186 tiquam
504 1110 656 1186 convenit,
679 1130 769 1190 quem
792 1110 964 1190 accepimus
987 1113 1109 1195 Olymp.
1131 1113 1273 1180 LXXVI.
1294 1115 1325 1177 4.
1353 1116 1446 1199 Syra-

363 1211 446 1273 cusis
474 1213 612 1277 Athenas
639 1213 875 1294 commigrasse,
904 1215 1010 1294 ihique
1031 1217 1178 1298 deinceps
1199 1217 1327 1299 triginta
1348 1240 1446 1284 annor

363 1317 474 1378 aetatis
502 1318 699 1398 transegisse.
728 1338 755 1376 v.
783 1314 890 1395 Lysias
918 1318 988 1384 adv.
1017 1321 1215 1384 Eratostheu.
1245 1341 1274 1402 p.
1297 1323 1368 1386 1²⁰.
1390 1325 1446 1392 aa.

363 1420 436 1481 coll.
458 1421 594 1484 Cliuton.
625 1420 710 1482 Faat.
738 1410 875 1483 Hellen„
883 1438 912 1499 p.
934 1421 987 1483 di.
1009 1423 1059 1487 ed.
1083 1420 1214 1503 liriiger.
1263 1424 1298 1487 lu
1325 1427 1445 1505 eadem,

362 1543 423 1602 qna
445 1543 513 1599 roos,
536 1521 691 1586 sententia
712 1520 773 1580 iuit
786 1520 914 1583 Procius
935 1523 972 1586 Τ.
995 1525 1049 1590 1v.
1072 1544 1102 1605 p.
1115 1526 1214 1605 liisq.
1237 1532 1269 1587 et
1289 1546 1320 1608 p.
1332 1529 1384 1595 ot.
1393 1529 1443 1593 ed.

361 1627 456 1687 Cous.
479 1626 532 1706 qui
553 1630 679 1706 praeter
700 1624 761 1685 alia
781 1624 957 1686 vemasime:
987 1623 1005 1688 ὁ
1027 1623 1207 1715 Ἀντιφῶν,
1228 1628 1344 1710 inquit,
1366 1627 1444 1707 τοὺς

361 1722 485 1810 λόγους
508 1721 693 1810 διηγήσατο
707 1727 763 1790 καὶ
785 1719 887 1802 αὐτὸς
909 1720 1024 1802 ἄλλοις
1040 1725 1280 1813 Κλαζομενίοις
1302 1727 1446 1815 ἀνδράσι

358 1823 401 1892 τὸ
440 1829 637 1920 (ptionensis
664 1829 762 1916 ἔργον
788 1822 1015 1910 ποιουμένοις,
1050 1834 1092 1894 ix
1118 1833 1177 1911 τῆς
1212 1835 1272 1896 τοῦ
1306 1816 1444 1913 Ἀναξα-

359 1926 469 2016 γόρου
491 1930 710 2006 διδασκαλίας
729 1925 897 2009 Ἀθήναζε
918 1927 1147 2019 ἀφικομένοις.
1202 1937 1237 1998 ln
1259 1939 1445 2001 contrariam

358 2034 547 2096 seutentiam
573 2035 701 2098 inclinat
729 2034 833 2096 Groeu
862 2053 889 2097 v.
918 2033 1068 2101 Priuster.
1100 2037 1288 2120 Prosopogr.
1316 2059 1348 2121 p.
1370 2039 1445 2106 112.

359 2139 447 2200 cuius
481 2144 583 2200 tamea
617 2143 797 2218 argumenta
830 2155 942 2201 vereor
976 2146 1012 2202 ut
1039 2142 1169 2229 multum
1204 2141 1353 2221 ponderis
1387 2143 1443 2206 ha-

358 2244 465 2304 heaut.

443 2343 548 2404 Maior
569 2343 721 2406 dubitatio
743 2347 792 2404 est
814 2343 854 2405 de
874 2345 1041 2406 Adimanto
1063 2350 1096 2404 et
1118 2343 1285 2422 Glaucone,
1309 2366 1442 2426 quorum

359 2448 459 2509 irater
482 2467 518 2508 ex
540 2452 639 2509 matre
659 2444 818 2526 Antiphon
840 2447 939 2510 inisse
960 2448 1153 2527 perhibetur.
1177 2448 1236 2526 Qui
1259 2469 1352 2528 quum
1374 2451 1443 2514 siue

357 2551 422 2612 ulla
460 2552 584 2632 generis
617 2551 775 2611 mentione
809 2555 1106 2624 commemorentur,
1139 2549 1240 2629 primo
1275 2559 1360 2613 certe
1387 2554 1442 2614 ad-

358 2662 468 2735 spectu
497 2673 600 2717 nemo.
615 2655 754 2728 dubitet,
792 2654 864 2731 quin
892 2653 1007 2715 iratres
1037 2652 1135 2732 ipsius
1156 2652 1295 2717 Platonis
1324 2655 1441 2719 intelli-

357 2757 453 2840 gendi
473 2758 545 2832 sint,
569 2757 608 2817 de
633 2759 746 2838 qulbus
767 2761 840 2836 post
861 2757 939 2817 alios
962 2755 1110 2839 singulari
1133 2774 1202 2815 cum
1217 2755 1376 2835 diligentia
1390 2777 1441 2820 ex-

357 2861 465 2942 posuit
477 2863 584 2924 ilroen
596 2881 654 2922 vau
665 2861 842 2923 Prinsterer
854 2858 1104 2939 Prosopograph.
1117 2857 1239 2920 Platon.
1261 2877 1291 2936 p.
1305 2860 1440 2939 2tiiaqq.

359 2965 464 3045 Atque
487 2965 532 3026 ita
561 2972 647 3026 certe
675 2969 850 3026 statuerunt
876 2961 1062 3025 Plutarchus
1094 2961 1134 3024 de
1161 2960 1312 3022 Fraterno
1336 2962 1442 3025 Amor.

357 3088 391 3149 p.
419 3067 541 3134 astla.
565 3070 614 3130 ed.
641 3067 751 3130 Franc.
786 3074 879 3149 atque
910 3067 1040 3130 Proolua
1068 3065 1089 3130 l.
1123 3084 1148 3126 c.
1176 3083 1207 3145 p.
1230 3062 1282 3128 di.
1310 3083 1441 3144 quorum

355 3150 424 3234 ilic'
439 3173 662 3252 Antiphontem
691 3171 830 3234 Platonis
852 3169 982 3231 fratrem
1010 3177 1084 3231 natu
1113 3169 1270 3230 minimum
1295 3168 1440 3248 appellat.
1569 3250 1572 3255 Ι

355 3274 528 3337 verissime
549 3281 652 3335 tamen
673 3273 949 3336 Schleiermacheri
971 3294 1099 3336 acumen
1122 3271 1281 3354 perspexit
1302 3272 1346 3333 lta
1364 3292 1438 3335 neu-

355 3378 474 3457 tiquam
496 3377 644 3457 intelligi,
672 3378 724 3457 qui
745 3378 904 3460 Antiphon
926 3379 1066 3459 potuerit
1093 3377 1268 3439 conversari
1290 3396 1359 3438 cum
1379 3376 1441 3458 Py-

353 3481 503 3554 thodoro,
526 3479 661 3543 Zenonis
683 3482 791 3556 amico,
813 3481 853 3541 ad
876 3500 967 3559 quem
984 3481 1184 3542 Parmenides
1207 3485 1240 3540 et
1260 3477 1346 3539 Zeuo
1368 3493 1440 3541 uar-

354 3590 466 3644 rantur
488 3582 675 3660 devertisse,
706 3604 767 3664 quo
796 3591 938 3662 tempore
966 3582 1110 3644 Socrates
1132 3581 1180 3641 vix
1201 3579 1440 3661 pueriliaetate

354 3687 550 3748 excessisset.
594 3687 745 3765 Quuocirca
773 3686 951 3765 neutiquam
980 3687 1126 3748 miramur
1152 3685 1273 3745 Aetium
1302 3681 1334 3743 ln
1355 3684 1438 3748 libro

355 3790 397 3852 de
417 3788 492 3851 Vita
514 3796 547 3851 et
567 3788 697 3868 Scriptis
718 3788 855 3852 Platonis
884 3811 915 3872 p.
937 3791 1010 3853 244.
1041 3790 1108 3852 sine
1135 3786 1338 3850 haesitatione
1366 3806 1440 3869 pro·

353 3892 552 3965 rumtiaaisse,
576 3892 763 3953 Glauconem
787 3895 879 3956 istum
903 3902 935 3955 et
957 3895 1154 3956 Adimantum
1176 3890 1351 3952 aPlatonia
1374 3889 1440 3979 ira·

353 3997 455 4058 trihus
479 3995 585 4074 rrssqrre
608 4015 677 4058 esse
699 3996 845 4061 diversos
890 3998 1035 4078 Quamvis
1059 3997 1138 4058 enim
1160 4012 1182 4074 p
1212 3991 1329 4056 leun.
1350 3992 1439 4073 Anil-

352 4101 439 4180 phon
462 4108 606 4161 narretur
633 4094 804 4179 μειοιὲκιον
827 4093 872 4164 riv
895 4092 973 4174 τοὺς
995 4094 1115 4180 λόγους
1138 4084 1440 4185 (Zenonis,Parme-

353 4204 437 4265 nidis
459 4209 551 4284 atque
575 4200 729 4274 Socratis)
758 4190 793 4265 εὖ
817 4197 910 4284 μα’λα
933 4201 1184 4282 διαμελετῆσαι,
1206 4204 1309 4261 tamen
1330 4217 1372 4261 na
1393 4198 1440 4259 sio

353 4305 481 4385 quidem
502 4314 677 4385 temporum
700 4305 836 4368 rationes
858 4306 1061 4375 conveniunt3
1084 4322 1159 4382 quas
1177 4303 1236 4363 etsl
1251 4301 1341 4362 Plato
1356 4299 1439 4362 haud

351 4428 426 4469 raro
461 4409 617 4484 confudit,
658 4417 759 4471 tamen
793 4427 905 4471 vereor
940 4429 981 4471 ue
1007 4407 1099 4469 almis
1126 4406 1296 4468 violaturus
1325 4404 1441 4489 luisset

350 4512 441 4591 leges
464 4512 758 4586 verisimilitudinis,
788 4513 814 4574 sl
836 4514 1059 4594 Antiphontem
1082 4509 1346 4572 adolescentulum
1368 4527 1437 4570 oum

349 4614 538 4696 Pythodoro
574 4618 738 4680 conuenire
769 4617 911 4682 iussisset
933 4615 1071 4680 Socratis
1105 4605 1181 4677 item
1214 4610 1438 4677 adolescentuli
