3775 5442
873 375 885 383 ι
1002 376 1048 413 '-

702 661 787 722 biber
808 665 925 724 tortior:
966 661 1066 723 fluctio
1088 663 1122 723 ll.
1154 661 1162 674 ‘
1385 645 1449 727 lm

367 833 406 897 (l.
426 830 477 896 iu.
496 832 653 896 licrmann
676 834 722 894 De
743 834 881 898 Socratia
904 837 1060 915 magistri·
1082 857 1117 897 ac
1141 834 1302 915 disciplina
1324 835 1448 897 iuvenili

368 935 529 1017 Marburg.
559 936 653 997 litut.
681 937 711 998 4.
748 956 779 1017 p.
801 936 854 1000 47.
918 937 981 1000 Sed
1012 938 1160 1017 qrridquid
1183 937 1230 998 rel
1253 942 1318 1012 eat,
1348 956 1450 1017 oeque

367 1042 451 1102 enim
477 1042 511 1103 id
538 1040 658 1122 agimua
685 1038 747 1100 boc
772 1045 931 1118 tempore,
968 1041 1047 1103 iliud
1083 1041 1208 1120 quidem
1242 1040 1449 1104 certiualmura

365 1149 511 1222 putamur
532 1161 603 1205 enac
625 1149 717 1221 atque
739 1142 1018 1220 evidentiaeimum,
1041 1163 1179 1206 causeam
1202 1149 1235 1206 et
1262 1143 1449 1205 verisimilli-

366 1264 446 1305 mam
468 1251 501 1306 et
521 1246 650 1307 maxime
670 1246 826 1318 idoneam,
849 1265 905 1306 cur
926 1246 1014 1309 Plato
1036 1247 1196 1309 Socratem
1219 1247 1448 1310 adoleacentem

366 1347 426 1407 iam
455 1352 527 1408 ante
554 1350 685 1410 multum
713 1353 835 1426 tempna
868 1368 936 1409 cum
965 1369 1040 1411 aene
1066 1350 1250 1411 Parmenlde
1283 1349 1449 1411 convenire

366 1449 504 1524 iuaaerit,
526 1452 558 1512 in
579 1453 648 1531 lpeo
672 1452 746 1513 libri
767 1459 948 1529 argumento
971 1455 1137 1528 contineri,
1165 1455 1280 1533 quippe
1301 1452 1384 1531 quod
1406 1452 1450 1514 ait
1557 1490 1560 1495 -

367 1553 540 1628 eiusmodi,
569 1562 603 1615 ut
632 1559 666 1614 ct
687 1553 824 1613 Socratis
847 1557 1051 1632 praesentiam
1074 1557 1243 1637 flagitaret,
1271 1564 1303 1616 et
1323 1556 1449 1616 Parme·

365 1655 434 1716 nidi
455 1657 571 1734 primae
593 1655 770 1734 disputandi
791 1664 897 1735 partea
920 1656 1048 1719 attribui
1069 1657 1223 1721 euaderet
1246 1659 1353 1739 Neque
1367 1659 1450 1723 enim

365 1766 490 1820 temere
524 1778 594 1821 cum
626 1758 747 1821 Tbeod,
774 1758 902 1838 llergtio
930 1758 1150 1822 commentatt.
1224 1761 1270 1823 lle
1298 1760 1451 1840 Reliquiia

364 1861 561 1923 commuue
585 1862 708 1924 norm
728 1880 758 1942 p.
779 1863 831 1924 eo.
863 1861 934 1923 σου.
955 1860 1028 1924 aas.
1053 1849 1288 1927 misrimanuum
1310 1870 1360 1925 eo
1381 1863 1452 1924 ru.

363 1973 474 2027 touem
503 1966 534 2025 in
563 1965 613 2026 iria
639 1965 735 2027 rebua
764 1971 827 2026 tam
854 1965 987 2026 licenter
1015 1971 1190 2047 grassatum
1213 1986 1292 2044 caea,
1316 1973 1351 2028 ut
1371 1960 1451 2029 tem-

363 2085 478 2147 porum
505 2068 642 2130 rationea
670 2068 833 2129 arbitrario
859 2089 895 2130 ac
921 2087 1023 2149 paene
1050 2069 1217 2132 llbidlnoae
1245 2069 1451 2151 perverterit-r

364 2170 453 2249 quod
472 2188 547 2230 aaue
569 2169 673 2232 iuerat
693 2171 887 2232 intolerabile
907 2172 1045 2233 visurum
1067 2172 1256 2253 aequalibua;

452 2273 609 2351 Sequitur,
627 2279 663 2335 ut
684 2274 725 2335 de
737 2275 866 2336 Zenone
878 2275 1042 2337 dicendum
1055 2277 1107 2352 ait,
1130 2296 1221 2357 quem
1243 2274 1449 2357 pbiloaopbua

364 2376 434 2436 aeni
455 2375 631 2437 Parmenidi
658 2377 796 2439 adiunxit
823 2379 950 2443 accium.
1006 2381 1105 2458 Quem
1134 2380 1259 2459 quidem
1288 2380 1316 2442 al
1343 2386 1449 2459 parter

364 2477 569 2541 Erlaticorum
592 2480 674 2560 apud
693 2480 854 2542 Platonem
877 2500 972 2561 agere
993 2483 1202 2561 arrapicamur‚
1234 2483 1279 2545 ita
1305 2490 1341 2544 ut
1370 2473 1450 2562 qua'a

364 2583 407 2644 de
439 2602 477 2644 eo
505 2591 685 2660 narrantur,
719 2584 811 2645 etiam
842 2582 882 2643 ad
911 2583 971 2643 boa
999 2584 1228 2662 quodammodo
1261 2586 1449 2667 pertineant,

363 2687 483 2749 babere
510 2688 600 2750 uobia
628 2687 769 2747 ridemur
797 2684 889 2747 lruiua
915 2687 1089 2747 tententiae
1116 2695 1243 2749 coatrae
1271 2705 1395 2751 canam
1416 2692 1450 2748 ct
1547 2670 1550 2681 ’

364 2799 546 2872 mpomenta
568 2809 630 2852 non
650 2788 878 2868 improbabilia.
907 2787 1029 2868 Quippe
1042 2789 1127 2849 Zeno
1150 2789 1240 2851 aicuti
1257 2788 1450 2851 Parmenidia

366 2895 494 2956 decreta
522 2895 614 2956 unice
640 2891 904 2971 amplexabatur,
920 2892 965 2952 lta
992 2891 1143 2971 Megarici
1176 2893 1235 2952 toti
1269 2910 1306 2952 ex
1332 2891 1450 2952 Eleatia

366 2998 552 3080 pendebant,
576 3015 758 3077 quamquam
781 3014 890 3059 eorum
912 2994 1061 3081 pnitatem
1084 3012 1142 3056 auo
1165 2995 1300 3075 quodam
1322 3014 1358 3054 ac
1377 3012 1451 3072 pro-

362 3103 437 3185 prio
457 3103 551 3163 modo
572 3100 789 3161 informabant.
853 3098 954 3160 Porro
977 3099 1234 3178 quemadmodum
1256 3100 1343 3166 Zeno
1365 3115 1451 3158 acer-

361 3208 444 3268 rimo
472 3204 577 3268 studio
604 3205 784 3265 versabatur
810 3203 844 3264 in
874 3202 1060 3280 dialecticis,
1095 3209 1131 3264 ut
1166 3223 1185 3263 a
1217 3202 1322 3264 multia
1358 3201 1451 3263 huiua

361 3310 441 3371 antia
469 3325 581 3388 perena
608 3306 735 3368 habitur
762 3306 819 3378 ait,
847 3306 943 3367 veluti
974 3325 991 3366 a
1023 3305 1118 3367 Sexto
1146 3305 1236 3384 Emp.
1259 3305 1328 3371 adv.
1350 3304 1451 3366 Matlr.

362 3413 430 3476 vll.
451 3413 481 3474 7.
504 3411 633 3490 Diogen.
656 3410 755 3470 Ladrt.
778 3407 830 3471 lx.
853 3408 989 3471 tumori.
1012 3406 1091 3468 vili.
1106 3406 1168 3479 δί,
1191 3408 1237 3466 alc
1257 3408 1304 3469 illl
1327 3427 1451 3489 quoque

361 3524 452 3578 tanto
483 3515 654 3594 flagrabant
681 3510 857 3593 disputandi
885 3511 1015 3584 ardore,
1046 3516 1080 3571 ut
1101 3515 1222 3569 mature
1243 3509 1464 3571 Eriaticorum'

364 3638 479 3681 nomen
501 3619 678 3696 acciperent
689 3615 732 3696 *).
767 3617 843 3677 Nam
865 3598 923 3674 inm
945 3611 1279 3687 inEuclide,.acbolae
1301 3613 1449 3692 principe,

363 3723 530 3785 cavillandi
558 3723 676 3784 rabiem
705 3721 823 3783 notarit
849 3719 941 3780 Timo
970 3717 1186 3798 Sillograplrua
1215 3715 1297 3796 apud
1320 3712 1473 3794 Diogen'

362 3827 467 3890 Lairt.
487 3826 524 3890 ll.
549 3826 620 3888 107.
651 3833 684 3887 et
713 3826 867 3906 Diogenes
895 3821 1095 3902 Sinopenaia,
1137 3820 1189 3900 qui
1214 3823 1299 3882 teate
1325 3815 1450 3878 merua

363 3930 417 3994 Vl.
445 3930 498 3991 24.
564 3924 744 3993 Εὐκλείδου
778 3921 902 4010 σχολήν
935 3926 1018 3988 calae
1060 3923 1237 4004 appellabat
1269 3915 1451 3984 Εὐκλείδου

364 4028 482 4118 χολήν.
517 4033 581 4094 Nee
601 4051 672 4094 eum
694 4035 763 4112 ipae
784 4032 929 4093 Socratea
951 4048 1012 4090 non
1035 4025 1216 4109 perstrinxit
1236 4023 1297 4085 boc
1317 4021 1453 4085 nomba.

362 4138 396 4200 la
417 4137 510 4212 enim,
532 4142 568 4198 ut
589 4140 638 4195 eat
659 4133 742 4215 apud
763 4133 865 4196 Lairt.
885 4134 922 4195 ll.
937 4133 1000 4208 bd,
1024 4127 1112 4214 ὁρῶν
1135 4124 1316 4206 Εὐκλείδην
1338 4129 1451 4189 ἐσπου-

364 4235 499 4304 δακότα
520 4239 595 4322 περὶ
617 4229 696 4310 τοὺς
718 4227 903 4318 ἐριστικοὺς
926 4230 1065 4317 λόγους,
1094 4220 1120 4295 ὦ
1142 4227 1317 4307 Εὐκλείδῃ,
1339 4225 1451 4306 inquil,

365 4352 547 4432 σοφισταῖς
568 4341 628 4422 μὲν
650 4334 773 4428 δυνήσῃ
792 4340 963 4423 χρῆσθαι,
992 4329 1193 4419 ἀνθρώποις
1222 4332 1257 4396 δὲ
1289 4327 1451 4411 οὐδαμῶς.

366 4447 411 4509 Et
432 4446 522 4508 l’lato
545 4463 670 4527 quoque
690 4444 775 4506 lraud
796 4443 862 4508 acio
884 4460 922 4504 an
945 4440 1108 4503 Euclidem
1133 4437 1262 4516 eiusque
1282 4434 1452 4497 iamiliarea

365 4591 571 4601 ——-—--·

435 4663 511 4731 nv.
531 4663 622 4733 nepo
639 4665 672 4716 oe
688 4662 829 4732 uegme·
848 4679 875 4731 p.
893 4659 962 4728 req.
