<?xml version="1.0" encoding="UTF-8"?>
<!DOCTYPE html PUBLIC "-//W3C//DTD XHTML 1.0 Transitional//EN"
    "http://www.w3.org/TR/xhtml1/DTD/xhtml1-transitional.dtd">
<html xmlns="http://www.w3.org/1999/xhtml" xml:lang="en" lang="en">
 <head>
  <title>
</title>
<meta http-equiv="Content-Type" content="text/html;charset=utf-8" />
  <meta name='ocr-system' content='tesseract 3.04.00' />
  <meta name='ocr-capabilities' content='ocr_page ocr_carea ocr_par ocr_line ocrx_word'/>
</head>
<body>
  <div class='ocr_page' id='page_1' title='image "./parmenidescumqu00platgoog_0893.png"; bbox 0 0 3775 5442; ppageno 0'>
   <div class='ocr_carea' id='block_1_1' title="bbox 512 683 1403 751">
    <p class='ocr_par' dir='ltr' id='par_1_1' title="bbox 512 683 1403 751">
     <span class='ocr_line' id='line_1_1' title="bbox 512 683 1403 751; baseline -0.007 -5"><span class='ocrx_word' id='word_1_1' title='bbox 512 684 515 699; x_wconf 74' lang='lat'><strong>¹</strong></span> <span class='ocrx_word' id='word_1_2' title='bbox 575 706 578 711; x_wconf 91' lang='lat'>·</span> <span class='ocrx_word' id='word_1_3' title='bbox 666 687 713 745; x_wconf 82' lang='grc' dir='ltr'><strong><em>ΙΝ</em></strong></span> <span class='ocrx_word' id='word_1_4' title='bbox 744 683 1066 746; x_wconf 73' lang='grc' dir='ltr'><strong>ΡΑΒΜΕΝΙΒΕΜ.</strong></span> <span class='ocrx_word' id='word_1_5' title='bbox 1339 690 1403 751; x_wconf 68' lang='lat'><strong><em>&#39;585</em></strong></span> 
     </span>
    </p>
   </div>
   <div class='ocr_carea' id='block_1_2' title="bbox 322 857 1485 2163">
    <p class='ocr_par' dir='ltr' id='par_1_2' title="bbox 322 857 1485 2163">
     <span class='ocr_line' id='line_1_2' title="bbox 326 857 1405 935; baseline 0.002 -19"><span class='ocrx_word' id='word_1_6' title='bbox 326 884 373 934; x_wconf 82' lang='grc' dir='ltr'><strong><em>υης</em></strong></span> <span class='ocrx_word' id='word_1_7' title='bbox 391 860 512 935; x_wconf 72' lang='grc' dir='ltr'><strong><em>γνώσεως</em></strong></span> <span class='ocrx_word' id='word_1_8' title='bbox 532 860 577 916; x_wconf 78' lang='grc' dir='ltr'><strong><em>καὶ</em></strong></span> <span class='ocrx_word' id='word_1_9' title='bbox 599 859 707 929; x_wconf 73' lang='grc' dir='ltr'><strong><em>οἰήσεως</em></strong></span> <span class='ocrx_word' id='word_1_10' title='bbox 728 863 815 928; x_wconf 84' lang='grc' dir='ltr'><strong><em>πάσης</em></strong></span> <span class='ocrx_word' id='word_1_11' title='bbox 841 857 867 912; x_wconf 81' lang='grc' dir='ltr'><strong><em>τί</em></strong></span> <span class='ocrx_word' id='word_1_12' title='bbox 887 859 1084 930; x_wconf 71' lang='grc' dir='ltr'><strong><em>γιγνωσκούσης</em></strong></span> <span class='ocrx_word' id='word_1_13' title='bbox 1106 860 1152 914; x_wconf 80' lang='grc' dir='ltr'><strong><em>καί</em></strong></span> <span class='ocrx_word' id='word_1_14' title='bbox 1174 859 1199 912; x_wconf 80' lang='grc' dir='ltr'><strong><em>τί</em></strong></span> <span class='ocrx_word' id='word_1_15' title='bbox 1220 858 1405 933; x_wconf 83' lang='grc' dir='ltr'><strong><em>άπσγγελλοὺ·</em></strong></span> 
     </span>
     <span class='ocr_line' id='line_1_3' title="bbox 326 953 1406 1039; baseline -0.001 -20"><span class='ocrx_word' id='word_1_16' title='bbox 326 985 386 1034; x_wconf 80' lang='grc' dir='ltr'><strong><em>οης,</em></strong></span> <span class='ocrx_word' id='word_1_17' title='bbox 405 966 453 1020; x_wconf 87' lang='grc' dir='ltr'><strong><em>τοῦ</em></strong></span> <span class='ocrx_word' id='word_1_18' title='bbox 474 962 503 1019; x_wconf 79' lang='grc' dir='ltr'><strong><em>δέ</em></strong></span> <span class='ocrx_word' id='word_1_19' title='bbox 523 960 634 1039; x_wconf 79' lang='grc' dir='ltr'><strong><em>μηδαμῇ</em></strong></span> <span class='ocrx_word' id='word_1_20' title='bbox 654 962 730 1027; x_wconf 80' lang='grc' dir='ltr'><strong><em>ὄντος</em></strong></span> <span class='ocrx_word' id='word_1_21' title='bbox 750 958 857 1025; x_wconf 82' lang='grc' dir='ltr'><strong><em>οὗδενδς</em></strong></span> <span class='ocrx_word' id='word_1_22' title='bbox 878 959 969 1022; x_wconf 86' lang='grc' dir='ltr'><strong><em>ὄντος·</em></strong></span> <span class='ocrx_word' id='word_1_23' title='bbox 1005 962 1035 1014; x_wconf 86' lang='grc' dir='ltr'><strong><em>τὸ</em></strong></span> <span class='ocrx_word' id='word_1_24' title='bbox 1057 961 1111 1033; x_wconf 81' lang='grc' dir='ltr'><strong><em>γάρ</em></strong></span> <span class='ocrx_word' id='word_1_25' title='bbox 1134 957 1182 1016; x_wconf 79' lang='grc' dir='ltr'><strong><em>οὖν</em></strong></span> <span class='ocrx_word' id='word_1_26' title='bbox 1204 953 1237 1016; x_wconf 81' lang='grc' dir='ltr'><strong><em>ὄν</em></strong></span> <span class='ocrx_word' id='word_1_27' title='bbox 1258 959 1334 1016; x_wconf 80' lang='grc' dir='ltr'><strong><em>οῦδὲν</em></strong></span> <span class='ocrx_word' id='word_1_28' title='bbox 1355 960 1406 1018; x_wconf 79' lang='grc' dir='ltr'><strong><em>αὖ·</em></strong></span> 
     </span>
     <span class='ocr_line' id='line_1_4' title="bbox 325 1052 1405 1140; baseline -0.002 -20"><span class='ocrx_word' id='word_1_29' title='bbox 325 1069 370 1131; x_wconf 86' lang='grc' dir='ltr'><strong><em>τδς</em></strong></span> <span class='ocrx_word' id='word_1_30' title='bbox 389 1052 424 1138; x_wconf 69' lang='grc' dir='ltr'><strong><em>ἦν</em></strong></span> <span class='ocrx_word' id='word_1_31' title='bbox 444 1065 461 1121; x_wconf 98' lang='lat'>6</span> <span class='ocrx_word' id='word_1_32' title='bbox 482 1067 564 1140; x_wconf 82' lang='grc' dir='ltr'><strong><em>λέγων</em></strong></span> <span class='ocrx_word' id='word_1_33' title='bbox 584 1065 600 1119; x_wconf 94' lang='lat'>6</span> <span class='ocrx_word' id='word_1_34' title='bbox 620 1063 803 1139; x_wconf 69' lang='grc' dir='ltr'><strong><em>Παρμενίδης,</em></strong></span> <span class='ocrx_word' id='word_1_35' title='bbox 824 1058 892 1138; x_wconf 85' lang='grc' dir='ltr'><strong><em>ὄπερ</em></strong></span> <span class='ocrx_word' id='word_1_36' title='bbox 914 1059 1046 1118; x_wconf 85' lang='grc' dir='ltr'><strong><em>άδῦνατόν</em></strong></span> <span class='ocrx_word' id='word_1_37' title='bbox 1068 1082 1092 1116; x_wconf 90' lang='grc' dir='ltr'><strong><em>τι</em></strong></span> <span class='ocrx_word' id='word_1_38' title='bbox 1113 1061 1160 1120; x_wconf 78' lang='grc' dir='ltr'><strong><em>καί</em></strong></span> <span class='ocrx_word' id='word_1_39' title='bbox 1181 1066 1211 1118; x_wconf 89' lang='grc' dir='ltr'><strong><em>τδ</em></strong></span> <span class='ocrx_word' id='word_1_40' title='bbox 1228 1059 1317 1119; x_wconf 74' lang='grc' dir='ltr'><strong><em>οὐδέν·</em></strong></span> <span class='ocrx_word' id='word_1_41' title='bbox 1340 1057 1405 1118; x_wconf 78' lang='grc' dir='ltr'><strong><em>ὅταν</em></strong></span> 
     </span>
     <span class='ocr_line' id='line_1_5' title="bbox 325 1158 1404 1247; baseline -0.004 -23"><span class='ocrx_word' id='word_1_42' title='bbox 325 1167 355 1224; x_wconf 82' lang='grc' dir='ltr'><strong><em>δι’</em></strong></span> <span class='ocrx_word' id='word_1_43' title='bbox 376 1169 547 1242; x_wconf 71' lang='grc' dir='ltr'><strong><em>λέγωμενμὴ</em></strong></span> <span class='ocrx_word' id='word_1_44' title='bbox 568 1161 636 1223; x_wconf 80' lang='grc' dir='ltr'><strong><em>εἶναι</em></strong></span> <span class='ocrx_word' id='word_1_45' title='bbox 656 1166 690 1220; x_wconf 84' lang='grc' dir='ltr'><strong><em>τά</em></strong></span> <span class='ocrx_word' id='word_1_46' title='bbox 717 1169 805 1223; x_wconf 83' lang='grc' dir='ltr'><strong><em>πολλοὶ</em></strong></span> <span class='ocrx_word' id='word_1_47' title='bbox 824 1160 842 1237; x_wconf 76' lang='grc' dir='ltr'><em>ἢ</em></span> <span class='ocrx_word' id='word_1_48' title='bbox 861 1161 888 1247; x_wconf 92' lang='lat'><strong><em>¹)</em></strong></span> <span class='ocrx_word' id='word_1_49' title='bbox 918 1167 955 1236; x_wconf 76' lang='grc' dir='ltr'><strong><em>μη</em></strong></span> <span class='ocrx_word' id='word_1_50' title='bbox 977 1158 1045 1220; x_wconf 72' lang='grc' dir='ltr'><strong><em>εἶναι</em></strong></span> <span class='ocrx_word' id='word_1_51' title='bbox 1066 1167 1097 1221; x_wconf 87' lang='grc' dir='ltr'>τό</span> <span class='ocrx_word' id='word_1_52' title='bbox 1118 1161 1146 1219; x_wconf 76' lang='grc' dir='ltr'><strong><em>ἓν</em></strong></span> <span class='ocrx_word' id='word_1_53' title='bbox 1166 1160 1185 1237; x_wconf 78' lang='grc' dir='ltr'><em>ἢ</em></span> <span class='ocrx_word' id='word_1_54' title='bbox 1204 1169 1241 1240; x_wconf 75' lang='grc' dir='ltr'><strong><em>μὴ</em></strong></span> <span class='ocrx_word' id='word_1_55' title='bbox 1263 1162 1331 1223; x_wconf 74' lang='grc' dir='ltr'><strong><em>εἶναι</em></strong></span> <span class='ocrx_word' id='word_1_56' title='bbox 1353 1187 1404 1239; x_wconf 83' lang='grc' dir='ltr'><strong><em>φυ-</em></strong></span> 
     </span>
     <span class='ocr_line' id='line_1_6' title="bbox 322 1259 1404 1343; baseline -0.001 -17"><span class='ocrx_word' id='word_1_57' title='bbox 322 1274 387 1341; x_wconf 76' lang='grc' dir='ltr'><strong><em>γήν,</em></strong></span> <span class='ocrx_word' id='word_1_58' title='bbox 410 1263 493 1334; x_wconf 72' lang='grc' dir='ltr'><strong><em>οὕτως</em></strong></span> <span class='ocrx_word' id='word_1_59' title='bbox 513 1269 719 1341; x_wconf 84' lang='grc' dir='ltr'><strong><em>άποφάσκσμεν,</em></strong></span> <span class='ocrx_word' id='word_1_60' title='bbox 742 1267 777 1332; x_wconf 81' lang='grc' dir='ltr'><strong><em>ὦς</em></strong></span> <span class='ocrx_word' id='word_1_61' title='bbox 797 1263 862 1326; x_wconf 84' lang='grc' dir='ltr'><strong><em>άλλυ</em></strong></span> <span class='ocrx_word' id='word_1_62' title='bbox 883 1269 932 1342; x_wconf 80' lang='grc' dir='ltr'><strong><em>μέν</em></strong></span> <span class='ocrx_word' id='word_1_63' title='bbox 953 1259 1021 1321; x_wconf 77' lang='grc' dir='ltr'><strong><em>εἷναί</em></strong></span> <span class='ocrx_word' id='word_1_64' title='bbox 1040 1287 1080 1334; x_wconf 89' lang='grc' dir='ltr'><strong><em>τι,</em></strong></span> <span class='ocrx_word' id='word_1_65' title='bbox 1112 1268 1198 1339; x_wconf 69' lang='grc' dir='ltr'><strong><em>ψυχήν</em></strong></span> <span class='ocrx_word' id='word_1_66' title='bbox 1219 1268 1248 1323; x_wconf 81' lang='grc' dir='ltr'><strong><em>δὲ</em></strong></span> <span class='ocrx_word' id='word_1_67' title='bbox 1269 1271 1305 1342; x_wconf 75' lang='grc' dir='ltr'><strong><em>μη</em></strong></span> <span class='ocrx_word' id='word_1_68' title='bbox 1327 1263 1404 1343; x_wconf 79' lang='grc' dir='ltr'><strong><em>είναι,</em></strong></span> 
     </span>
     <span class='ocr_line' id='line_1_7' title="bbox 323 1362 1403 1453; baseline 0.001 -25"><span class='ocrx_word' id='word_1_69' title='bbox 323 1368 412 1453; x_wconf 59' lang='lat'>2162)</span> <span class='ocrx_word' id='word_1_70' title='bbox 433 1377 464 1430; x_wconf 87' lang='grc' dir='ltr'><strong><em>τὸ</em></strong></span> <span class='ocrx_word' id='word_1_71' title='bbox 485 1373 567 1444; x_wconf 70' lang='grc' dir='ltr'><strong><em>τοῦτο)</em></strong></span> <span class='ocrx_word' id='word_1_72' title='bbox 588 1373 737 1444; x_wconf 81' lang='grc' dir='ltr'><strong><em>συμβαῖνον</em></strong></span> <span class='ocrx_word' id='word_1_73' title='bbox 758 1373 898 1444; x_wconf 78' lang='grc' dir='ltr'><strong><em>ζητοῦμεν·</em></strong></span> <span class='ocrx_word' id='word_1_74' title='bbox 921 1362 982 1425; x_wconf 80' lang='grc' dir='ltr'><strong><em>οἷον</em></strong></span> <span class='ocrx_word' id='word_1_75' title='bbox 1002 1367 1025 1424; x_wconf 84' lang='grc' dir='ltr'><strong><em>τῖ</em></strong></span> <span class='ocrx_word' id='word_1_76' title='bbox 1043 1370 1138 1443; x_wconf 79' lang='grc' dir='ltr'><strong><em>φαμέν,</em></strong></span> <span class='ocrx_word' id='word_1_77' title='bbox 1160 1368 1227 1428; x_wconf 76' lang='grc' dir='ltr'><strong><em>ἄλλά</em></strong></span> <span class='ocrx_word' id='word_1_78' title='bbox 1240 1372 1271 1443; x_wconf 80' lang='grc' dir='ltr'><strong><em>δη</em></strong></span> <span class='ocrx_word' id='word_1_79' title='bbox 1284 1375 1321 1444; x_wconf 78' lang='grc' dir='ltr'><strong><em>μη</em></strong></span> <span class='ocrx_word' id='word_1_80' title='bbox 1337 1371 1403 1429; x_wconf 78' lang='grc' dir='ltr'><strong><em>ἔστω</em></strong></span> 
     </span>
     <span class='ocr_line' id='line_1_8' title="bbox 322 1464 1400 1546; baseline 0.002 -18"><span class='ocrx_word' id='word_1_81' title='bbox 322 1477 376 1529; x_wconf 84' lang='grc' dir='ltr'><strong><em>τῶν</em></strong></span> <span class='ocrx_word' id='word_1_82' title='bbox 396 1472 480 1531; x_wconf 91' lang='grc' dir='ltr'><strong><em>ὄντων</em></strong></span> <span class='ocrx_word' id='word_1_83' title='bbox 500 1473 517 1531; x_wconf 88' lang='lat'>6</span> <span class='ocrx_word' id='word_1_84' title='bbox 536 1477 612 1541; x_wconf 90' lang='grc' dir='ltr'><strong><em>νοῦς,</em></strong></span> <span class='ocrx_word' id='word_1_85' title='bbox 632 1471 763 1530; x_wconf 77' lang='grc' dir='ltr'><strong><em>οὔτοῦτο</em></strong></span> <span class='ocrx_word' id='word_1_86' title='bbox 783 1473 906 1546; x_wconf 87' lang='grc' dir='ltr'><strong><em>λέγομεν,</em></strong></span> <span class='ocrx_word' id='word_1_87' title='bbox 926 1464 970 1526; x_wconf 84' lang='grc' dir='ltr'><strong><em>ὄτι</em></strong></span> <span class='ocrx_word' id='word_1_88' title='bbox 991 1471 1056 1528; x_wconf 77' lang='grc' dir='ltr'><strong><em>ἴστω</em></strong></span> <span class='ocrx_word' id='word_1_89' title='bbox 1077 1470 1107 1525; x_wconf 89' lang='grc' dir='ltr'><strong><em>τό</em></strong></span> <span class='ocrx_word' id='word_1_90' title='bbox 1126 1471 1255 1545; x_wconf 75' lang='grc' dir='ltr'><strong><em>μηδαμῶς</em></strong></span> <span class='ocrx_word' id='word_1_91' title='bbox 1277 1474 1317 1546; x_wconf 79' lang='grc' dir='ltr'><strong><em>ὄν,</em></strong></span> <span class='ocrx_word' id='word_1_92' title='bbox 1340 1468 1400 1533; x_wconf 73' lang='grc' dir='ltr'><strong><em>ἀλλ’</em></strong></span> 
     </span>
     <span class='ocr_line' id='line_1_9' title="bbox 325 1569 1404 1652; baseline 0.002 -20"><span class='ocrx_word' id='word_1_93' title='bbox 325 1574 366 1632; x_wconf 84' lang='grc' dir='ltr'><strong><em>ὅτι</em></strong></span> <span class='ocrx_word' id='word_1_94' title='bbox 388 1578 449 1641; x_wconf 89' lang='grc' dir='ltr'><strong><em>νοῦς</em></strong></span> <span class='ocrx_word' id='word_1_95' title='bbox 469 1573 524 1636; x_wconf 86' lang='grc' dir='ltr'><strong><em>άπό</em></strong></span> <span class='ocrx_word' id='word_1_96' title='bbox 547 1577 600 1632; x_wconf 77' lang='grc' dir='ltr'><strong><em>τόν</em></strong></span> <span class='ocrx_word' id='word_1_97' title='bbox 620 1573 705 1643; x_wconf 82' lang='grc' dir='ltr'><strong><em>ὄντων</em></strong></span> <span class='ocrx_word' id='word_1_98' title='bbox 725 1571 871 1652; x_wconf 72' lang='grc' dir='ltr'><strong><em>άνηρηοθω</em></strong></span> <span class='ocrx_word' id='word_1_99' title='bbox 884 1573 939 1651; x_wconf 66' lang='grc'><strong><em>13)·</em></strong></span> <span class='ocrx_word' id='word_1_100' title='bbox 974 1575 1052 1628; x_wconf 88' lang='grc' dir='ltr'><strong><em>τοῦτο</em></strong></span> <span class='ocrx_word' id='word_1_101' title='bbox 1073 1571 1103 1628; x_wconf 82' lang='grc' dir='ltr'><strong><em>δέ</em></strong></span> <span class='ocrx_word' id='word_1_102' title='bbox 1122 1569 1218 1628; x_wconf 79' lang='grc' dir='ltr'><strong><em>τοῦτὸν</em></strong></span> <span class='ocrx_word' id='word_1_103' title='bbox 1238 1575 1275 1649; x_wconf 75' lang='grc' dir='ltr'><strong><em>τῷ</em></strong></span> <span class='ocrx_word' id='word_1_104' title='bbox 1296 1578 1404 1633; x_wconf 86' lang='grc' dir='ltr'><strong><em>πάντων</em></strong></span> 
     </span>
     <span class='ocr_line' id='line_1_10' title="bbox 323 1661 1403 1754; baseline 0 -21"><span class='ocrx_word' id='word_1_105' title='bbox 323 1682 377 1735; x_wconf 84' lang='grc' dir='ltr'><strong><em>τῶν</em></strong></span> <span class='ocrx_word' id='word_1_106' title='bbox 397 1678 480 1735; x_wconf 89' lang='grc' dir='ltr'><strong><em>ὄντων</em></strong></span> <span class='ocrx_word' id='word_1_107' title='bbox 500 1681 538 1754; x_wconf 80' lang='grc' dir='ltr'><strong><em>μιὶ</em></strong></span> <span class='ocrx_word' id='word_1_108' title='bbox 559 1679 624 1737; x_wconf 76' lang='grc' dir='ltr'><strong><em>ἴστω</em></strong></span> <span class='ocrx_word' id='word_1_109' title='bbox 644 1680 715 1744; x_wconf 88' lang='grc' dir='ltr'><strong><em>νοῦς.</em></strong></span> <span class='ocrx_word' id='word_1_110' title='bbox 756 1671 822 1733; x_wconf 80' lang='grc' dir='ltr'><strong><em>άλλο</em></strong></span> <span class='ocrx_word' id='word_1_111' title='bbox 843 1661 892 1734; x_wconf 82' lang='grc' dir='ltr'><strong><em>οόν</em></strong></span> <span class='ocrx_word' id='word_1_112' title='bbox 912 1667 946 1734; x_wconf 86' lang='grc' dir='ltr'><strong><em>ὄν</em></strong></span> <span class='ocrx_word' id='word_1_113' title='bbox 966 1668 1032 1734; x_wconf 78' lang='grc' dir='ltr'><strong><em>άλλο</em></strong></span> <span class='ocrx_word' id='word_1_114' title='bbox 1054 1676 1158 1749; x_wconf 68' lang='grc' dir='ltr'><strong><em>λέγεται</em></strong></span> <span class='ocrx_word' id='word_1_115' title='bbox 1177 1679 1214 1748; x_wconf 79' lang='grc' dir='ltr'><strong><em>μὴ</em></strong></span> <span class='ocrx_word' id='word_1_116' title='bbox 1236 1669 1312 1736; x_wconf 72' lang='grc' dir='ltr'><strong><em>εἶναι,</em></strong></span> <span class='ocrx_word' id='word_1_117' title='bbox 1356 1677 1403 1736; x_wconf 75' lang='grc' dir='ltr'><strong><em>καί</em></strong></span> 
     </span>
     <span class='ocr_line' id='line_1_11' title="bbox 325 1772 1467 1857; baseline 0.004 -22"><span class='ocrx_word' id='word_1_118' title='bbox 325 1776 407 1844; x_wconf 84' lang='grc' dir='ltr'><strong><em>οῦτως</em></strong></span> <span class='ocrx_word' id='word_1_119' title='bbox 428 1777 476 1836; x_wconf 83' lang='grc' dir='ltr'><strong><em>οόιι</em></strong></span> <span class='ocrx_word' id='word_1_120' title='bbox 497 1780 544 1837; x_wconf 76' lang='grc' dir='ltr'><strong><em>ἐπί</em></strong></span> <span class='ocrx_word' id='word_1_121' title='bbox 563 1783 611 1838; x_wconf 83' lang='grc' dir='ltr'><strong><em>τοῦ</em></strong></span> <span class='ocrx_word' id='word_1_122' title='bbox 630 1779 760 1855; x_wconf 73' lang='grc' dir='ltr'><strong><em>μηδαμῶς</em></strong></span> <span class='ocrx_word' id='word_1_123' title='bbox 780 1780 856 1844; x_wconf 91' lang='grc' dir='ltr'><strong><em>ὄντος</em></strong></span> <span class='ocrx_word' id='word_1_124' title='bbox 876 1776 892 1850; x_wconf 75' lang='grc' dir='ltr'><em>ἦ</em></span> <span class='ocrx_word' id='word_1_125' title='bbox 914 1779 1054 1849; x_wconf 75' lang='grc' dir='ltr'><strong><em>ὑπόθεσις,</em></strong></span> <span class='ocrx_word' id='word_1_126' title='bbox 1077 1772 1140 1834; x_wconf 74' lang='grc' dir='ltr'><strong><em>ἄλλ’</em></strong></span> <span class='ocrx_word' id='word_1_127' title='bbox 1161 1777 1207 1835; x_wconf 65' lang='lat' dir='ltr'><strong><em>ini</em></strong></span> <span class='ocrx_word' id='word_1_128' title='bbox 1226 1782 1274 1835; x_wconf 88' lang='grc' dir='ltr'><strong><em>τοῦ</em></strong></span> <span class='ocrx_word' id='word_1_129' title='bbox 1295 1778 1334 1857; x_wconf 74' lang='grc' dir='ltr'><strong><em>πῂ</em></strong></span> <span class='ocrx_word' id='word_1_130' title='bbox 1355 1783 1467 1853; x_wconf 77' lang='grc' dir='ltr'><strong><em>μὲν281</em></strong></span> 
     </span>
     <span class='ocr_line' id='line_1_12' title="bbox 325 1877 1485 1960; baseline 0.003 -24"><span class='ocrx_word' id='word_1_131' title='bbox 325 1880 416 1949; x_wconf 89' lang='grc' dir='ltr'><strong><em>ὄντος,</em></strong></span> <span class='ocrx_word' id='word_1_132' title='bbox 442 1881 481 1960; x_wconf 76' lang='grc' dir='ltr'><strong><em>πῂ</em></strong></span> <span class='ocrx_word' id='word_1_133' title='bbox 506 1882 536 1940; x_wconf 83' lang='grc' dir='ltr'><strong><em>δέ</em></strong></span> <span class='ocrx_word' id='word_1_134' title='bbox 563 1880 611 1940; x_wconf 81' lang='grc' dir='ltr'><strong><em>οόιι</em></strong></span> <span class='ocrx_word' id='word_1_135' title='bbox 638 1880 730 1947; x_wconf 80' lang='grc' dir='ltr'><strong><em>ὄντος,</em></strong></span> <span class='ocrx_word' id='word_1_136' title='bbox 758 1877 822 1960; x_wconf 58' lang='grc' dir='ltr'><strong><em>ἦέ)</em></strong></span> <span class='ocrx_word' id='word_1_137' title='bbox 842 1881 903 1939; x_wconf 77' lang='grc' dir='ltr'><strong><em>τοδὶ</em></strong></span> <span class='ocrx_word' id='word_1_138' title='bbox 921 1885 971 1957; x_wconf 75' lang='grc' dir='ltr'><strong><em>μὲν</em></strong></span> <span class='ocrx_word' id='word_1_139' title='bbox 992 1880 1083 1947; x_wconf 85' lang='grc' dir='ltr'><strong><em>ὄντος,</em></strong></span> <span class='ocrx_word' id='word_1_140' title='bbox 1111 1878 1171 1936; x_wconf 76' lang='grc' dir='ltr'><strong><em>τοδί</em></strong></span> <span class='ocrx_word' id='word_1_141' title='bbox 1191 1880 1220 1938; x_wconf 82' lang='grc' dir='ltr'><strong><em>δέ</em></strong></span> <span class='ocrx_word' id='word_1_142' title='bbox 1240 1877 1289 1936; x_wconf 82' lang='grc' dir='ltr'><strong><em>οόει</em></strong></span> <span class='ocrx_word' id='word_1_143' title='bbox 1311 1882 1402 1948; x_wconf 87' lang='grc' dir='ltr'><strong><em>ὄντος·</em></strong></span> <span class='ocrx_word' id='word_1_144' title='bbox 1467 1884 1485 1929; x_wconf 71' lang='lat'><strong><em>¹,</em></strong></span> 
     </span>
     <span class='ocr_line' id='line_1_13' title="bbox 323 1978 1404 2060; baseline 0.003 -22"><span class='ocrx_word' id='word_1_145' title='bbox 323 1978 391 2048; x_wconf 81' lang='grc' dir='ltr'><strong><em>ὅλως</em></strong></span> <span class='ocrx_word' id='word_1_146' title='bbox 410 1986 465 2060; x_wconf 88' lang='grc' dir='ltr'><strong><em>γάρ</em></strong></span> <span class='ocrx_word' id='word_1_147' title='bbox 487 1986 517 2042; x_wconf 74' lang='grc' dir='ltr'><strong><em>αἱ</em></strong></span> <span class='ocrx_word' id='word_1_148' title='bbox 537 1984 687 2055; x_wconf 72' lang='grc' dir='ltr'><strong><em>ἀποφάσεις</em></strong></span> <span class='ocrx_word' id='word_1_149' title='bbox 708 1984 816 2059; x_wconf 76' lang='grc' dir='ltr'><strong><em>ἔγγονοι</em></strong></span> <span class='ocrx_word' id='word_1_150' title='bbox 834 1988 881 2056; x_wconf 74' lang='grc' dir='ltr'><strong><em>τῆς</em></strong></span> <span class='ocrx_word' id='word_1_151' title='bbox 906 1986 1056 2059; x_wconf 74' lang='grc' dir='ltr'><strong><em>ἑτερότητος</em></strong></span> <span class='ocrx_word' id='word_1_152' title='bbox 1083 1980 1136 2039; x_wconf 78' lang='grc' dir='ltr'><strong><em>εἶσί</em></strong></span> <span class='ocrx_word' id='word_1_153' title='bbox 1155 1987 1200 2053; x_wconf 78' lang='grc' dir='ltr'><strong><em>τῆς</em></strong></span> <span class='ocrx_word' id='word_1_154' title='bbox 1219 1985 1328 2060; x_wconf 76' lang='grc' dir='ltr'><strong><em>νοερᾶς·</em></strong></span> <span class='ocrx_word' id='word_1_155' title='bbox 1359 1986 1404 2046; x_wconf 79' lang='grc' dir='ltr'><strong><em>διά</em></strong></span> 
     </span>
     <span class='ocr_line' id='line_1_14' title="bbox 323 2079 1405 2163; baseline 0.002 -23"><span class='ocrx_word' id='word_1_156' title='bbox 323 2088 402 2140; x_wconf 88' lang='grc' dir='ltr'><strong><em>τοῦτο</em></strong></span> <span class='ocrx_word' id='word_1_157' title='bbox 429 2088 484 2162; x_wconf 82' lang='grc' dir='ltr'><strong><em>γάρ</em></strong></span> <span class='ocrx_word' id='word_1_158' title='bbox 512 2082 561 2155; x_wconf 84' lang='grc' dir='ltr'><strong><em>οόχ</em></strong></span> <span class='ocrx_word' id='word_1_159' title='bbox 587 2085 671 2150; x_wconf 80' lang='grc' dir='ltr'><strong><em>ἵππος</em></strong></span> <span class='ocrx_word' id='word_1_160' title='bbox 692 2081 732 2141; x_wconf 89' lang='grc' dir='ltr'><strong><em>ὄτι</em></strong></span> <span class='ocrx_word' id='word_1_161' title='bbox 754 2086 866 2163; x_wconf 76' lang='grc' dir='ltr'><strong><em>ἕτερον,</em></strong></span> <span class='ocrx_word' id='word_1_162' title='bbox 887 2085 933 2143; x_wconf 81' lang='grc' dir='ltr'><strong><em>καί</em></strong></span> <span class='ocrx_word' id='word_1_163' title='bbox 954 2086 1001 2141; x_wconf 86' lang='grc' dir='ltr'><strong><em>διά</em></strong></span> <span class='ocrx_word' id='word_1_164' title='bbox 1022 2087 1100 2141; x_wconf 88' lang='grc' dir='ltr'><strong><em>τοῦτο</em></strong></span> <span class='ocrx_word' id='word_1_165' title='bbox 1121 2081 1170 2139; x_wconf 78' lang='grc' dir='ltr'><strong><em>οὖν</em></strong></span> <span class='ocrx_word' id='word_1_166' title='bbox 1191 2079 1340 2162; x_wconf 76' lang='grc' dir='ltr'><strong><em>ἅνθρωπος</em></strong></span> <span class='ocrx_word' id='word_1_167' title='bbox 1361 2082 1405 2145; x_wconf 82' lang='grc' dir='ltr'><strong><em>ὄτι</em></strong></span> 
     </span>
    </p>
   </div>
   <div class='ocr_carea' id='block_1_3' title="bbox 323 2176 1404 2279">
    <p class='ocr_par' dir='ltr' id='par_1_3' title="bbox 323 2176 1404 2279">
     <span class='ocr_line' id='line_1_15' title="bbox 323 2176 1404 2279; baseline 0.004 -37"><span class='ocrx_word' id='word_1_168' title='bbox 323 2182 402 2243; x_wconf 83' lang='grc' dir='ltr'><strong><em>άλλο’</em></strong></span> <span class='ocrx_word' id='word_1_169' title='bbox 432 2187 480 2244; x_wconf 84' lang='grc' dir='ltr'><strong><em>καί</em></strong></span> <span class='ocrx_word' id='word_1_170' title='bbox 501 2185 579 2252; x_wconf 85' lang='grc' dir='ltr'><strong><em>σῦτός</em></strong></span> <span class='ocrx_word' id='word_1_171' title='bbox 600 2193 628 2244; x_wconf 78' lang='grc' dir='ltr'><strong><em>έν</em></strong></span> <span class='ocrx_word' id='word_1_172' title='bbox 647 2186 771 2266; x_wconf 75' lang='grc' dir='ltr'><strong><em>Σοφιστῇ</em></strong></span> <span class='ocrx_word' id='word_1_173' title='bbox 790 2186 837 2244; x_wconf 83' lang='grc' dir='ltr'><strong><em>διά</em></strong></span> <span class='ocrx_word' id='word_1_174' title='bbox 865 2192 944 2245; x_wconf 89' lang='grc' dir='ltr'><strong><em>τοῦτο</em></strong></span> <span class='ocrx_word' id='word_1_175' title='bbox 973 2187 1075 2260; x_wconf 76' lang='grc' dir='ltr'><strong><em>ἔλεγεν,</em></strong></span> <span class='ocrx_word' id='word_1_176' title='bbox 1105 2176 1148 2279; x_wconf 73' lang='grc' dir='ltr'><strong><em>ιὄτι</em></strong></span> <span class='ocrx_word' id='word_1_177' title='bbox 1176 2185 1205 2261; x_wconf 81' lang='lat'><strong><em>⁵)</em></strong></span> <span class='ocrx_word' id='word_1_178' title='bbox 1235 2180 1270 2243; x_wconf 84' lang='grc' dir='ltr'><strong><em>άν</em></strong></span> <span class='ocrx_word' id='word_1_179' title='bbox 1289 2190 1404 2264; x_wconf 83' lang='grc' dir='ltr'><strong><em>λέγωμεν</em></strong></span> 
     </span>
    </p>
   </div>
   <div class='ocr_carea' id='block_1_4' title="bbox 322 2280 1469 4106">
    <p class='ocr_par' dir='ltr' id='par_1_4' title="bbox 322 2280 1469 4106">
     <span class='ocr_line' id='line_1_16' title="bbox 322 2280 1405 2367; baseline 0.001 -21"><span class='ocrx_word' id='word_1_180' title='bbox 322 2287 360 2363; x_wconf 80' lang='grc' dir='ltr'><strong><em>μὴ</em></strong></span> <span class='ocrx_word' id='word_1_181' title='bbox 381 2288 432 2360; x_wconf 87' lang='grc' dir='ltr'><strong><em>ὄν,</em></strong></span> <span class='ocrx_word' id='word_1_182' title='bbox 459 2283 571 2367; x_wconf 83' lang='grc' dir='ltr'><strong><em>ὄρνησιν</em></strong></span> <span class='ocrx_word' id='word_1_183' title='bbox 595 2291 626 2366; x_wconf 76' lang='lat'><strong><em>⁰)</em></strong></span> <span class='ocrx_word' id='word_1_184' title='bbox 653 2293 738 2363; x_wconf 81' lang='grc' dir='ltr'><strong><em>μόνον</em></strong></span> <span class='ocrx_word' id='word_1_185' title='bbox 757 2293 869 2366; x_wconf 87' lang='grc' dir='ltr'><strong><em>λέγομεν</em></strong></span> <span class='ocrx_word' id='word_1_186' title='bbox 889 2294 937 2346; x_wconf 87' lang='grc' dir='ltr'><strong><em>τοῦ</em></strong></span> <span class='ocrx_word' id='word_1_187' title='bbox 959 2289 1047 2355; x_wconf 82' lang='grc' dir='ltr'><strong><em>ὄντος,</em></strong></span> <span class='ocrx_word' id='word_1_188' title='bbox 1075 2280 1136 2344; x_wconf 73' lang='grc' dir='ltr'><strong><em>ἄλλ’</em></strong></span> <span class='ocrx_word' id='word_1_189' title='bbox 1160 2286 1208 2345; x_wconf 84' lang='grc' dir='ltr'><strong><em>ουίι</em></strong></span> <span class='ocrx_word' id='word_1_190' title='bbox 1230 2291 1349 2351; x_wconf 76' lang='grc' dir='ltr'><strong><em>ἐναντίον</em></strong></span> <span class='ocrx_word' id='word_1_191' title='bbox 1369 2293 1405 2366; x_wconf 72' lang='grc' dir='ltr'><strong><em>τρῖ</em></strong></span> 
     </span>
     <span class='ocr_line' id='line_1_17' title="bbox 324 2388 1405 2466; baseline 0.005 -20"><span class='ocrx_word' id='word_1_192' title='bbox 324 2390 396 2459; x_wconf 87' lang='grc' dir='ltr'><strong><em>ὄντι,</em></strong></span> <span class='ocrx_word' id='word_1_193' title='bbox 417 2393 501 2466; x_wconf 84' lang='grc' dir='ltr'><strong><em>λέγων</em></strong></span> <span class='ocrx_word' id='word_1_194' title='bbox 521 2392 654 2458; x_wconf 75' lang='grc' dir='ltr'><strong><em>ἔνοπλον,</em></strong></span> <span class='ocrx_word' id='word_1_195' title='bbox 675 2390 691 2447; x_wconf 85' lang='lat'>6</span> <span class='ocrx_word' id='word_1_196' title='bbox 711 2394 836 2450; x_wconf 78' lang='grc' dir='ltr'><strong><em>πλεῖστον</em></strong></span> <span class='ocrx_word' id='word_1_197' title='bbox 856 2393 904 2446; x_wconf 86' lang='grc' dir='ltr'><strong><em>τοῦ</em></strong></span> <span class='ocrx_word' id='word_1_198' title='bbox 926 2390 1002 2452; x_wconf 89' lang='grc' dir='ltr'><strong><em>ὄντος</em></strong></span> <span class='ocrx_word' id='word_1_199' title='bbox 1022 2388 1153 2460; x_wconf 81' lang='grc' dir='ltr'><strong><em>άφέστηιιε</em></strong></span> <span class='ocrx_word' id='word_1_200' title='bbox 1174 2393 1221 2447; x_wconf 82' lang='grc' dir='ltr'><strong><em>καί</em></strong></span> <span class='ocrx_word' id='word_1_201' title='bbox 1241 2394 1333 2458; x_wconf 85' lang='grc' dir='ltr'><strong><em>τελέως</em></strong></span> <span class='ocrx_word' id='word_1_202' title='bbox 1354 2393 1405 2451; x_wconf 81' lang='grc' dir='ltr'><strong><em>αὖ·</em></strong></span> 
     </span>
     <span class='ocr_line' id='line_1_18' title="bbox 323 2480 1405 2565; baseline -0.006 -16"><span class='ocrx_word' id='word_1_203' title='bbox 323 2500 371 2551; x_wconf 88' lang='grc' dir='ltr'><strong><em>τοῦ</em></strong></span> <span class='ocrx_word' id='word_1_204' title='bbox 392 2494 599 2551; x_wconf 83' lang='grc' dir='ltr'><strong><em>άποπέπτωιιεν·</em></strong></span> <span class='ocrx_word' id='word_1_205' title='bbox 621 2482 682 2552; x_wconf 67' lang='grc' dir='ltr'><strong><em>ἅττ’</em></strong></span> <span class='ocrx_word' id='word_1_206' title='bbox 707 2480 771 2557; x_wconf 76' lang='grc' dir='ltr'><strong><em>οῦκ,</em></strong></span> <span class='ocrx_word' id='word_1_207' title='bbox 792 2490 816 2547; x_wconf 84' lang='grc' dir='ltr'><strong><em>εῦ</em></strong></span> <span class='ocrx_word' id='word_1_208' title='bbox 836 2495 933 2554; x_wconf 88' lang='grc' dir='ltr'><strong><em>πάντες</em></strong></span> <span class='ocrx_word' id='word_1_209' title='bbox 954 2490 990 2562; x_wconf 77' lang='grc' dir='ltr'><strong><em>μὴ</em></strong></span> <span class='ocrx_word' id='word_1_210' title='bbox 1011 2485 1079 2544; x_wconf 79' lang='grc' dir='ltr'><strong><em>εἶναι</em></strong></span> <span class='ocrx_word' id='word_1_211' title='bbox 1099 2490 1129 2543; x_wconf 87' lang='grc' dir='ltr'><strong><em>τὸ</em></strong></span> <span class='ocrx_word' id='word_1_212' title='bbox 1149 2492 1279 2565; x_wconf 80' lang='grc' dir='ltr'><strong><em>μηδαμῶς</em></strong></span> <span class='ocrx_word' id='word_1_213' title='bbox 1299 2493 1331 2549; x_wconf 84' lang='grc' dir='ltr'><strong><em>ὄν</em></strong></span> <span class='ocrx_word' id='word_1_214' title='bbox 1352 2496 1405 2561; x_wconf 72' lang='grc' dir='ltr'><strong><em>εἰς.</em></strong></span> 
     </span>
     <span class='ocr_line' id='line_1_19' title="bbox 324 2588 1402 2669; baseline 0.006 -23"><span class='ocrx_word' id='word_1_215' title='bbox 324 2599 424 2669; x_wconf 71' lang='grc' dir='ltr'><strong><em>ἀγομεν</em></strong></span> <span class='ocrx_word' id='word_1_216' title='bbox 441 2590 488 2669; x_wconf 81' lang='lat'><strong><em>⁷),</em></strong></span> <span class='ocrx_word' id='word_1_217' title='bbox 518 2588 579 2647; x_wconf 81' lang='grc' dir='ltr'><strong><em>σι’·δέ</em></strong></span> <span class='ocrx_word' id='word_1_218' title='bbox 603 2589 793 2662; x_wconf 81' lang='grc' dir='ltr'><strong><em>ὑποτιθέμενοι</em></strong></span> <span class='ocrx_word' id='word_1_219' title='bbox 819 2588 848 2644; x_wconf 85' lang='grc' dir='ltr'><strong><em>τὸ</em></strong></span> <span class='ocrx_word' id='word_1_220' title='bbox 868 2589 905 2664; x_wconf 79' lang='grc' dir='ltr'><strong><em>μὴ</em></strong></span> <span class='ocrx_word' id='word_1_221' title='bbox 926 2591 973 2657; x_wconf 89' lang='grc' dir='ltr'><strong><em>ὄν,</em></strong></span> <span class='ocrx_word' id='word_1_222' title='bbox 1001 2593 1083 2647; x_wconf 82' lang='grc' dir='ltr'><strong><em>ίιιεῦνο</em></strong></span> <span class='ocrx_word' id='word_1_223' title='bbox 1106 2589 1310 2668; x_wconf 74' lang='grc' dir='ltr'><strong><em>ὑποτιθέμεθα,</em></strong></span> <span class='ocrx_word' id='word_1_224' title='bbox 1341 2592 1402 2653; x_wconf 75' lang='grc' dir='ltr'><strong><em>ἄλλ’</em></strong></span> 
     </span>
     <span class='ocr_line' id='line_1_20' title="bbox 324 2683 1402 2770; baseline 0.004 -19"><span class='ocrx_word' id='word_1_225' title='bbox 324 2695 389 2751; x_wconf 81' lang='grc' dir='ltr'><strong><em>ὅσον</em></strong></span> <span class='ocrx_word' id='word_1_226' title='bbox 409 2696 520 2751; x_wconf 76' lang='grc' dir='ltr'><strong><em>δύναται</em></strong></span> <span class='ocrx_word' id='word_1_227' title='bbox 541 2689 659 2766; x_wconf 83' lang='grc' dir='ltr'><strong><em>γνωστὸν</em></strong></span> <span class='ocrx_word' id='word_1_228' title='bbox 685 2683 753 2745; x_wconf 81' lang='grc' dir='ltr'><strong><em>εἶναι</em></strong></span> <span class='ocrx_word' id='word_1_229' title='bbox 782 2689 829 2746; x_wconf 84' lang='grc' dir='ltr'><strong><em>καί</em></strong></span> <span class='ocrx_word' id='word_1_230' title='bbox 857 2693 928 2766; x_wconf 77' lang='grc' dir='ltr'><strong><em>λόγῳ</em></strong></span> <span class='ocrx_word' id='word_1_231' title='bbox 950 2692 1030 2770; x_wconf 70' lang='grc' dir='ltr'><strong><em>ῥητὸν</em></strong></span> <span class='ocrx_word' id='word_1_232' title='bbox 1051 2695 1098 2748; x_wconf 85' lang='grc' dir='ltr'><strong><em>τοῦ</em></strong></span> <span class='ocrx_word' id='word_1_233' title='bbox 1118 2693 1155 2766; x_wconf 78' lang='grc' dir='ltr'><strong><em>μὴ</em></strong></span> <span class='ocrx_word' id='word_1_234' title='bbox 1178 2693 1254 2759; x_wconf 81' lang='grc' dir='ltr'><strong><em>ὄντος</em></strong></span> <span class='ocrx_word' id='word_1_235' title='bbox 1275 2702 1402 2769; x_wconf 85' lang='grc' dir='ltr'><strong><em>σημαινέ-</em></strong></span> 
     </span>
     <span class='ocr_line' id='line_1_21' title="bbox 323 2789 1404 2872; baseline 0.005 -20"><span class='ocrx_word' id='word_1_236' title='bbox 323 2817 413 2870; x_wconf 85' lang='grc' dir='ltr'><strong><em>μενον.</em></strong></span> <span class='ocrx_word' id='word_1_237' title='bbox 457 2797 540 2850; x_wconf 86' lang='grc' dir='ltr'><strong><em>τυῦτα</em></strong></span> <span class='ocrx_word' id='word_1_238' title='bbox 567 2795 616 2868; x_wconf 82' lang='grc' dir='ltr'><strong><em>μὲν</em></strong></span> <span class='ocrx_word' id='word_1_239' title='bbox 643 2791 764 2869; x_wconf 77' lang='grc' dir='ltr'><strong><em>εἰρὴσθω</em></strong></span> <span class='ocrx_word' id='word_1_240' title='bbox 790 2792 854 2870; x_wconf 87' lang='grc' dir='ltr'><strong><em>περί</em></strong></span> <span class='ocrx_word' id='word_1_241' title='bbox 879 2796 986 2853; x_wconf 68' lang='grc' dir='ltr'><strong><em>τούτων.</em></strong></span> <span class='ocrx_word' id='word_1_242' title='bbox 1029 2794 1118 2865; x_wconf 74' lang='grc' dir='ltr'><strong><em>ἐπειδὴ</em></strong></span> <span class='ocrx_word' id='word_1_243' title='bbox 1139 2796 1167 2852; x_wconf 85' lang='grc' dir='ltr'><strong><em>δέ</em></strong></span> <span class='ocrx_word' id='word_1_244' title='bbox 1188 2797 1233 2868; x_wconf 82' lang='grc' dir='ltr'><strong><em>τὴν</em></strong></span> <span class='ocrx_word' id='word_1_245' title='bbox 1249 2789 1404 2872; x_wconf 75' lang='grc' dir='ltr'><strong><em>Ἐλεατικην</em></strong></span> 
     </span>
     <span class='ocr_line' id='line_1_22' title="bbox 324 2895 1403 2976; baseline 0 -22"><span class='ocrx_word' id='word_1_246' title='bbox 324 2896 446 2973; x_wconf 85' lang='grc' dir='ltr'><strong><em>μέθοδον</em></strong></span> <span class='ocrx_word' id='word_1_247' title='bbox 471 2901 499 2952; x_wconf 77' lang='grc' dir='ltr'><strong><em>ἐν</em></strong></span> <span class='ocrx_word' id='word_1_248' title='bbox 526 2898 628 2961; x_wconf 79' lang='grc' dir='ltr'><strong><em>τούτοις</em></strong></span> <span class='ocrx_word' id='word_1_249' title='bbox 653 2895 840 2973; x_wconf 86' lang='grc' dir='ltr'><strong><em>παραδίδωσιν</em></strong></span> <span class='ocrx_word' id='word_1_250' title='bbox 860 2897 877 2952; x_wconf 87' lang='lat'>6</span> <span class='ocrx_word' id='word_1_251' title='bbox 898 2902 1029 2968; x_wconf 82' lang='grc' dir='ltr'><strong><em>Πλάτων,</em></strong></span> <span class='ocrx_word' id='word_1_252' title='bbox 1059 2901 1122 2976; x_wconf 83' lang='grc' dir='ltr'><strong><em>φέρε</em></strong></span> <span class='ocrx_word' id='word_1_253' title='bbox 1143 2898 1175 2955; x_wconf 85' lang='grc' dir='ltr'><strong><em>τὸ</em></strong></span> <span class='ocrx_word' id='word_1_254' title='bbox 1195 2899 1302 2974; x_wconf 85' lang='grc' dir='ltr'><strong><em>λογικὸν</em></strong></span> <span class='ocrx_word' id='word_1_255' title='bbox 1324 2898 1403 2973; x_wconf 76' lang='grc' dir='ltr'><strong><em>αὐτῆς</em></strong></span> 
     </span>
     <span class='ocr_line' id='line_1_23' title="bbox 325 2997 1403 3077; baseline -0.002 -20"><span class='ocrx_word' id='word_1_256' title='bbox 325 3003 395 3077; x_wconf 80' lang='grc' dir='ltr'><strong><em>πρός</em></strong></span> <span class='ocrx_word' id='word_1_257' title='bbox 418 3022 449 3074; x_wconf 87' lang='grc' dir='ltr'><strong><em>γε</em></strong></span> <span class='ocrx_word' id='word_1_258' title='bbox 477 2997 507 3056; x_wconf 86' lang='grc' dir='ltr'><strong><em>τό</em></strong></span> <span class='ocrx_word' id='word_1_259' title='bbox 536 2997 628 3075; x_wconf 81' lang='grc' dir='ltr'><strong><em>παρὸν</em></strong></span> <span class='ocrx_word' id='word_1_260' title='bbox 655 2999 837 3074; x_wconf 80' lang='grc' dir='ltr'><strong><em>θεωρήοομεν.</em></strong></span> <span class='ocrx_word' id='word_1_261' title='bbox 880 2999 922 3056; x_wconf 82' lang='grc' dir='ltr'><strong><em>δεῖ</em></strong></span> <span class='ocrx_word' id='word_1_262' title='bbox 949 3002 982 3074; x_wconf 76' lang='grc' dir='ltr'><strong><em>δὴ</em></strong></span> <span class='ocrx_word' id='word_1_263' title='bbox 1010 3006 1080 3059; x_wconf 81' lang='grc' dir='ltr'><strong><em>νὀεἶν</em></strong></span> <span class='ocrx_word' id='word_1_264' title='bbox 1107 3007 1136 3058; x_wconf 80' lang='grc' dir='ltr'><strong><em>ίιι</em></strong></span> <span class='ocrx_word' id='word_1_265' title='bbox 1156 3003 1220 3075; x_wconf 78' lang='grc' dir='ltr'><strong><em>μιᾶς</em></strong></span> <span class='ocrx_word' id='word_1_266' title='bbox 1249 2998 1403 3065; x_wconf 76' lang='grc' dir='ltr'><strong><em>ὓποθέοεως</em></strong></span> 
     </span>
     <span class='ocr_line' id='line_1_24' title="bbox 323 3095 1403 3180; baseline 0.002 -22"><span class='ocrx_word' id='word_1_267' title='bbox 323 3104 373 3159; x_wconf 80' lang='grc' dir='ltr'><strong><em>δύο</em></strong></span> <span class='ocrx_word' id='word_1_268' title='bbox 396 3104 467 3167; x_wconf 82' lang='grc' dir='ltr'><strong><em>τινάς</em></strong></span> <span class='ocrx_word' id='word_1_269' title='bbox 487 3100 691 3177; x_wconf 83' lang='grc' dir='ltr'><strong><em>άποφυομένας,</em></strong></span> <span class='ocrx_word' id='word_1_270' title='bbox 714 3101 804 3157; x_wconf 78' lang='grc' dir='ltr'><strong><em>ἔπειτα</em></strong></span> <span class='ocrx_word' id='word_1_271' title='bbox 825 3105 895 3179; x_wconf 81' lang='grc' dir='ltr'><strong><em>τρεῖς</em></strong></span> <span class='ocrx_word' id='word_1_272' title='bbox 914 3095 986 3178; x_wconf 61' lang='grc' dir='ltr'><strong><em>καθ’</em></strong></span> <span class='ocrx_word' id='word_1_273' title='bbox 1010 3105 1191 3174; x_wconf 78' lang='grc' dir='ltr'><strong><em>ἑκάστηντῶν</em></strong></span> <span class='ocrx_word' id='word_1_274' title='bbox 1212 3107 1306 3180; x_wconf 84' lang='grc' dir='ltr'><strong><em>τριῶν·</em></strong></span> <span class='ocrx_word' id='word_1_275' title='bbox 1339 3097 1403 3169; x_wconf 83' lang='grc' dir='ltr'><strong><em>άςτε</em></strong></span> 
     </span>
     <span class='ocr_line' id='line_1_25' title="bbox 324 3201 1403 3286; baseline 0.008 -28"><span class='ocrx_word' id='word_1_276' title='bbox 324 3206 373 3271; x_wconf 85' lang='grc' dir='ltr'><strong><em>τάς</em></strong></span> <span class='ocrx_word' id='word_1_277' title='bbox 393 3204 457 3280; x_wconf 79' lang='grc' dir='ltr'><strong><em>μετά</em></strong></span> <span class='ocrx_word' id='word_1_278' title='bbox 483 3202 530 3275; x_wconf 75' lang='grc' dir='ltr'><strong><em>την</em></strong></span> <span class='ocrx_word' id='word_1_279' title='bbox 555 3201 662 3277; x_wconf 80' lang='grc' dir='ltr'><strong><em>μονάδα</em></strong></span> <span class='ocrx_word' id='word_1_280' title='bbox 676 3204 734 3276; x_wconf 70' lang='grc' dir='ltr'><strong><em>οιιαλ</em></strong></span> <span class='ocrx_word' id='word_1_281' title='bbox 752 3204 784 3279; x_wconf 77' lang='lat'><strong><em>⁸)</em></strong></span> <span class='ocrx_word' id='word_1_282' title='bbox 813 3203 899 3262; x_wconf 92' lang='grc' dir='ltr'><strong><em>δυάδα</em></strong></span> <span class='ocrx_word' id='word_1_283' title='bbox 925 3208 1069 3281; x_wconf 78' lang='grc' dir='ltr'><strong><em>γενομένας</em></strong></span> <span class='ocrx_word' id='word_1_284' title='bbox 1095 3207 1123 3272; x_wconf 75' lang='grc' dir='ltr'><strong><em>ἓξ</em></strong></span> <span class='ocrx_word' id='word_1_285' title='bbox 1143 3205 1288 3276; x_wconf 73' lang='grc' dir='ltr'><strong><em>ὑποθέσεις</em></strong></span> <span class='ocrx_word' id='word_1_286' title='bbox 1308 3232 1403 3286; x_wconf 88' lang='grc' dir='ltr'><strong><em>τετρα-</em></strong></span> 
     </span>
     <span class='ocr_line' id='line_1_26' title="bbox 325 3304 1402 3393; baseline 0.003 -28"><span class='ocrx_word' id='word_1_287' title='bbox 325 3311 536 3383; x_wconf 82' lang='grc' dir='ltr'><strong><em>πλσσιαζομένας</em></strong></span> <span class='ocrx_word' id='word_1_288' title='bbox 556 3305 592 3370; x_wconf 80' lang='grc' dir='ltr'><strong><em>εἷς</em></strong></span> <span class='ocrx_word' id='word_1_289' title='bbox 612 3304 659 3362; x_wconf 86' lang='grc' dir='ltr'><strong><em>τάν</em></strong></span> <span class='ocrx_word' id='word_1_290' title='bbox 681 3305 799 3364; x_wconf 77' lang='grc' dir='ltr'><strong><em>εἰκοστὸν</em></strong></span> <span class='ocrx_word' id='word_1_291' title='bbox 819 3310 942 3385; x_wconf 80' lang='grc' dir='ltr'><strong><em>τέταρτον</em></strong></span> <span class='ocrx_word' id='word_1_292' title='bbox 955 3306 1121 3393; x_wconf 80' lang='grc' dir='ltr'><strong><em>Ιιιοιταλὴγειν</em></strong></span> <span class='ocrx_word' id='word_1_293' title='bbox 1142 3306 1269 3386; x_wconf 86' lang='grc' dir='ltr'><strong><em>άριθμόν.</em></strong></span> <span class='ocrx_word' id='word_1_294' title='bbox 1298 3311 1353 3368; x_wconf 76' lang='grc' dir='ltr'><strong><em>ἔστι</em></strong></span> <span class='ocrx_word' id='word_1_295' title='bbox 1374 3313 1402 3368; x_wconf 80' lang='grc' dir='ltr'><strong><em>δέ·</em></strong></span> 
     </span>
     <span class='ocr_line' id='line_1_27' title="bbox 324 3404 1401 3488; baseline 0.005 -19"><span class='ocrx_word' id='word_1_296' title='bbox 324 3408 453 3486; x_wconf 79' lang='grc' dir='ltr'><strong><em>μοναδιιιῆ</em></strong></span> <span class='ocrx_word' id='word_1_297' title='bbox 480 3413 529 3484; x_wconf 83' lang='grc' dir='ltr'><strong><em>μὲν</em></strong></span> <span class='ocrx_word' id='word_1_298' title='bbox 554 3404 688 3473; x_wconf 78' lang='grc' dir='ltr'><strong><em>ὑπόθεσις</em></strong></span> <span class='ocrx_word' id='word_1_299' title='bbox 714 3410 761 3464; x_wconf 81' lang='grc' dir='ltr'><strong><em>καί</em></strong></span> <span class='ocrx_word' id='word_1_300' title='bbox 790 3407 973 3484; x_wconf 78' lang='grc' dir='ltr'><strong><em>ἁπλουστάτη,</em></strong></span> <span class='ocrx_word' id='word_1_301' title='bbox 1003 3416 1053 3470; x_wconf 86' lang='grc' dir='ltr'><strong><em>τίνι</em></strong></span> <span class='ocrx_word' id='word_1_302' title='bbox 1079 3417 1105 3469; x_wconf 83' lang='grc' dir='ltr'><strong><em>τί</em></strong></span> <span class='ocrx_word' id='word_1_303' title='bbox 1133 3415 1285 3488; x_wconf 86' lang='grc' dir='ltr'><strong><em>συμβαίνει·</em></strong></span> <span class='ocrx_word' id='word_1_304' title='bbox 1322 3417 1401 3474; x_wconf 76' lang='grc' dir='ltr'><strong><em>τοῦτο</em></strong></span> 
     </span>
     <span class='ocr_line' id='line_1_28' title="bbox 325 3505 1429 3592; baseline 0.001 -18"><span class='ocrx_word' id='word_1_305' title='bbox 325 3516 394 3591; x_wconf 77' lang='grc' dir='ltr'><strong><em>γοῦν</em></strong></span> <span class='ocrx_word' id='word_1_306' title='bbox 415 3511 504 3571; x_wconf 82' lang='grc' dir='ltr'><strong><em>κοινάν</em></strong></span> <span class='ocrx_word' id='word_1_307' title='bbox 524 3512 569 3568; x_wconf 76' lang='grc' dir='ltr'><strong><em>ἐπὶ</em></strong></span> <span class='ocrx_word' id='word_1_308' title='bbox 589 3510 686 3568; x_wconf 73' lang='grc' dir='ltr'><strong><em>πασῶν</em></strong></span> <span class='ocrx_word' id='word_1_309' title='bbox 707 3515 761 3568; x_wconf 80' lang='grc' dir='ltr'><strong><em>ἐστι</em></strong></span> <span class='ocrx_word' id='word_1_310' title='bbox 780 3512 833 3567; x_wconf 85' lang='grc' dir='ltr'><strong><em>τάν</em></strong></span> <span class='ocrx_word' id='word_1_311' title='bbox 853 3511 1028 3574; x_wconf 77' lang='grc' dir='ltr'><strong><em>ὑποθέσεων·</em></strong></span> <span class='ocrx_word' id='word_1_312' title='bbox 1050 3518 1097 3574; x_wconf 81' lang='grc' dir='ltr'><strong><em>καί</em></strong></span> <span class='ocrx_word' id='word_1_313' title='bbox 1116 3512 1201 3592; x_wconf 85' lang='grc' dir='ltr'><strong><em>γάρά</em></strong></span> <span class='ocrx_word' id='word_1_314' title='bbox 1222 3516 1253 3573; x_wconf 83' lang='grc' dir='ltr'><strong><em>τά</em></strong></span> <span class='ocrx_word' id='word_1_315' title='bbox 1276 3540 1401 3590; x_wconf 80' lang='grc' dir='ltr'><strong><em>καταφσ-</em></strong></span> <span class='ocrx_word' id='word_1_316' title='bbox 1428 3505 1429 3508; x_wconf 16' lang='lat'>¹</span> 
     </span>
     <span class='ocr_line' id='line_1_29' title="bbox 325 3613 1398 3696; baseline 0.006 -21"><span class='ocrx_word' id='word_1_317' title='bbox 325 3617 399 3676; x_wconf 80' lang='grc' dir='ltr'><strong><em>τικόν</em></strong></span> <span class='ocrx_word' id='word_1_318' title='bbox 419 3616 438 3690; x_wconf 78' lang='grc' dir='ltr'><em>ἢ</em></span> <span class='ocrx_word' id='word_1_319' title='bbox 459 3613 628 3687; x_wconf 83' lang='grc' dir='ltr'><strong><em>άποφατικάν</em></strong></span> <span class='ocrx_word' id='word_1_320' title='bbox 649 3616 733 3689; x_wconf 85' lang='grc' dir='ltr'><strong><em>λέγων</em></strong></span> <span class='ocrx_word' id='word_1_321' title='bbox 754 3613 904 3689; x_wconf 78' lang='grc' dir='ltr'><strong><em>συμβαῖνόν</em></strong></span> <span class='ocrx_word' id='word_1_322' title='bbox 923 3641 948 3674; x_wconf 92' lang='grc' dir='ltr'><strong><em>τι</em></strong></span> <span class='ocrx_word' id='word_1_323' title='bbox 977 3623 1046 3695; x_wconf 85' lang='grc' dir='ltr'><strong><em>λέγει</em></strong></span> <span class='ocrx_word' id='word_1_324' title='bbox 1071 3617 1233 3696; x_wconf 70' lang='grc' dir='ltr'><strong><em>πάντως9),</em></strong></span> <span class='ocrx_word' id='word_1_325' title='bbox 1263 3620 1309 3677; x_wconf 82' lang='grc' dir='ltr'><strong><em>καί</em></strong></span> <span class='ocrx_word' id='word_1_326' title='bbox 1331 3619 1345 3678; x_wconf 79' lang='lat'>6</span> <span class='ocrx_word' id='word_1_327' title='bbox 1369 3622 1398 3682; x_wconf 87' lang='grc' dir='ltr'><strong><em>τό</em></strong></span> 
     </span>
     <span class='ocr_line' id='line_1_30' title="bbox 327 3713 1401 3799; baseline 0.003 -21"><span class='ocrx_word' id='word_1_328' title='bbox 327 3722 396 3797; x_wconf 80' lang='grc' dir='ltr'><strong><em>πρὸς</em></strong></span> <span class='ocrx_word' id='word_1_329' title='bbox 417 3719 495 3780; x_wconf 58' lang='lat' dir='ltr'><strong><em>{mm}</em></strong></span> <span class='ocrx_word' id='word_1_330' title='bbox 519 3717 565 3775; x_wconf 73' lang='grc' dir='ltr'><strong><em>καὶ</em></strong></span> <span class='ocrx_word' id='word_1_331' title='bbox 585 3715 600 3772; x_wconf 84' lang='lat'>6</span> <span class='ocrx_word' id='word_1_332' title='bbox 624 3715 653 3772; x_wconf 89' lang='grc' dir='ltr'><strong><em>τό</em></strong></span> <span class='ocrx_word' id='word_1_333' title='bbox 676 3715 744 3793; x_wconf 81' lang='grc' dir='ltr'><strong><em>πρὸς</em></strong></span> <span class='ocrx_word' id='word_1_334' title='bbox 765 3713 828 3774; x_wconf 85' lang='grc' dir='ltr'><strong><em>άλλο</em></strong></span> <span class='ocrx_word' id='word_1_335' title='bbox 850 3719 995 3795; x_wconf 85' lang='grc' dir='ltr'><strong><em>λαμβάνων</em></strong></span> <span class='ocrx_word' id='word_1_336' title='bbox 1016 3722 1095 3795; x_wconf 79' lang='grc' dir='ltr'><strong><em>δῆλον</em></strong></span> <span class='ocrx_word' id='word_1_337' title='bbox 1117 3721 1152 3788; x_wconf 81' lang='grc' dir='ltr'><strong><em>ὦς</em></strong></span> <span class='ocrx_word' id='word_1_338' title='bbox 1172 3723 1198 3779; x_wconf 79' lang='grc' dir='ltr'><strong><em>τί</em></strong></span> <span class='ocrx_word' id='word_1_339' title='bbox 1219 3724 1264 3778; x_wconf 81' lang='grc' dir='ltr'><strong><em>καί</em></strong></span> <span class='ocrx_word' id='word_1_340' title='bbox 1286 3725 1310 3780; x_wconf 78' lang='grc' dir='ltr'><strong><em>τί</em></strong></span> <span class='ocrx_word' id='word_1_341' title='bbox 1332 3730 1401 3799; x_wconf 87' lang='grc' dir='ltr'><strong><em>λυμ-</em></strong></span> 
     </span>
     <span class='ocr_line' id='line_1_31' title="bbox 329 3820 1469 3902; baseline 0.004 -22"><span class='ocrx_word' id='word_1_342' title='bbox 329 3821 413 3900; x_wconf 87' lang='grc' dir='ltr'><strong><em>βάνει.</em></strong></span> <span class='ocrx_word' id='word_1_343' title='bbox 442 3823 488 3880; x_wconf 79' lang='grc' dir='ltr'><strong><em>καί</em></strong></span> <span class='ocrx_word' id='word_1_344' title='bbox 515 3820 595 3878; x_wconf 78' lang='grc' dir='ltr'><strong><em>τοῦτο</em></strong></span> <span class='ocrx_word' id='word_1_345' title='bbox 616 3823 725 3896; x_wconf 78' lang='grc' dir='ltr'><strong><em>ἐναργές</em></strong></span> <span class='ocrx_word' id='word_1_346' title='bbox 751 3824 812 3877; x_wconf 76' lang='grc' dir='ltr'><strong><em>ἐστι.</em></strong></span> <span class='ocrx_word' id='word_1_347' title='bbox 841 3824 953 3896; x_wconf 81' lang='grc' dir='ltr'><strong><em>δυαδικὴ</em></strong></span> <span class='ocrx_word' id='word_1_348' title='bbox 976 3827 1004 3882; x_wconf 84' lang='grc' dir='ltr'><strong><em>δέ</em></strong></span> <span class='ocrx_word' id='word_1_349' title='bbox 1025 3824 1041 3897; x_wconf 81' lang='grc' dir='ltr'><strong><em>ἡ</em></strong></span> <span class='ocrx_word' id='word_1_350' title='bbox 1063 3825 1110 3898; x_wconf 75' lang='grc' dir='ltr'><strong><em>τήν</em></strong></span> <span class='ocrx_word' id='word_1_351' title='bbox 1131 3825 1166 3890; x_wconf 80' lang='grc' dir='ltr'><strong><em>εἷς</em></strong></span> <span class='ocrx_word' id='word_1_352' title='bbox 1188 3823 1237 3882; x_wconf 86' lang='grc' dir='ltr'><strong><em>δάο</em></strong></span> <span class='ocrx_word' id='word_1_353' title='bbox 1258 3829 1469 3902; x_wconf 56' lang='grc' dir='ltr'><strong><em>πειράσῃ-282</em></strong></span> 
     </span>
     <span class='ocr_line' id='line_1_32' title="bbox 329 3921 1403 4011; baseline 0.008 -29"><span class='ocrx_word' id='word_1_354' title='bbox 329 3929 393 4001; x_wconf 85' lang='grc' dir='ltr'><strong><em>μένη</em></strong></span> <span class='ocrx_word' id='word_1_355' title='bbox 414 3928 538 4003; x_wconf 82' lang='grc' dir='ltr'><strong><em>διαίρεσιν</em></strong></span> <span class='ocrx_word' id='word_1_356' title='bbox 545 3969 553 3993; x_wconf 94' lang='grc'><strong><em>,</em></strong></span> <span class='ocrx_word' id='word_1_357' title='bbox 575 3922 640 3980; x_wconf 88' lang='grc' dir='ltr'><strong><em>ὄταν</em></strong></span> <span class='ocrx_word' id='word_1_358' title='bbox 660 3923 695 3998; x_wconf 73' lang='grc' dir='ltr'><strong><em>μά</em></strong></span> <span class='ocrx_word' id='word_1_359' title='bbox 720 3921 810 3989; x_wconf 84' lang='grc' dir='ltr'><strong><em>άπλάς</em></strong></span> <span class='ocrx_word' id='word_1_360' title='bbox 831 3930 906 4003; x_wconf 72' lang='grc' dir='ltr'><strong><em>εἴπῃς</em></strong></span> <span class='ocrx_word' id='word_1_361' title='bbox 928 3926 945 3983; x_wconf 84' lang='grc' dir='ltr'>ὅ</span> <span class='ocrx_word' id='word_1_362' title='bbox 967 3950 1017 3984; x_wconf 88' lang='grc' dir='ltr'><strong><em>τινι</em></strong></span> <span class='ocrx_word' id='word_1_363' title='bbox 1039 3929 1210 4002; x_wconf 70' lang='grc' dir='ltr'><strong><em>συμβέβηκεν,</em></strong></span> <span class='ocrx_word' id='word_1_364' title='bbox 1233 3924 1298 3986; x_wconf 92' lang='grc' dir='ltr'><strong><em>άλλά</em></strong></span> <span class='ocrx_word' id='word_1_365' title='bbox 1319 3933 1403 4011; x_wconf 77' lang='grc' dir='ltr'><strong><em>διέλης</em></strong></span> 
     </span>
     <span class='ocr_line' id='line_1_33' title="bbox 329 4023 1403 4106; baseline 0.006 -21"><span class='ocrx_word' id='word_1_366' title='bbox 329 4032 381 4085; x_wconf 88' lang='grc' dir='ltr'><strong><em>τίνι</em></strong></span> <span class='ocrx_word' id='word_1_367' title='bbox 402 4023 457 4085; x_wconf 85' lang='grc' dir='ltr'><strong><em>ὄντι</em></strong></span> <span class='ocrx_word' id='word_1_368' title='bbox 477 4031 640 4103; x_wconf 81' lang='grc' dir='ltr'><strong><em>συμβέβηκε·</em></strong></span> <span class='ocrx_word' id='word_1_369' title='bbox 671 4024 763 4101; x_wconf 84' lang='grc' dir='ltr'><strong><em>πράτη</em></strong></span> <span class='ocrx_word' id='word_1_370' title='bbox 784 4027 838 4105; x_wconf 86' lang='grc' dir='ltr'><strong><em>γάρ</em></strong></span> <span class='ocrx_word' id='word_1_371' title='bbox 859 4030 984 4106; x_wconf 87' lang='grc' dir='ltr'><strong><em>διαίρεσις</em></strong></span> <span class='ocrx_word' id='word_1_372' title='bbox 1001 4034 1101 4104; x_wconf 82' lang='grc' dir='ltr'><strong><em>γίνεται</em></strong></span> <span class='ocrx_word' id='word_1_373' title='bbox 1123 4026 1186 4087; x_wconf 74' lang='grc' dir='ltr'><strong><em>κατ’</em></strong></span> <span class='ocrx_word' id='word_1_374' title='bbox 1208 4025 1346 4104; x_wconf 70' lang='grc' dir='ltr'><strong><em>ἀντίφασιν</em></strong></span> <span class='ocrx_word' id='word_1_375' title='bbox 1366 4036 1403 4101; x_wconf 77' lang='grc' dir='ltr'><strong><em>εἰς</em></strong></span> 
     </span>
    </p>
   </div>
   <div class='ocr_carea' id='block_1_5' title="bbox 328 4122 1402 4207">
    <p class='ocr_par' dir='ltr' id='par_1_5' title="bbox 328 4122 1402 4207">
     <span class='ocr_line' id='line_1_34' title="bbox 328 4122 1402 4207; baseline 0.008 -20"><span class='ocrx_word' id='word_1_376' title='bbox 328 4132 358 4187; x_wconf 90' lang='grc' dir='ltr'><strong><em>τό</em></strong></span> <span class='ocrx_word' id='word_1_377' title='bbox 382 4125 449 4188; x_wconf 80' lang='grc' dir='ltr'><strong><em>εἶναι</em></strong></span> <span class='ocrx_word' id='word_1_378' title='bbox 468 4130 498 4188; x_wconf 84' lang='grc' dir='ltr'><strong><em>τά</em></strong></span> <span class='ocrx_word' id='word_1_379' title='bbox 519 4135 690 4207; x_wconf 81' lang='grc' dir='ltr'><strong><em>προκείμενον</em></strong></span> <span class='ocrx_word' id='word_1_380' title='bbox 712 4130 758 4185; x_wconf 80' lang='grc' dir='ltr'><strong><em>καί</em></strong></span> <span class='ocrx_word' id='word_1_381' title='bbox 777 4131 812 4205; x_wconf 83' lang='grc' dir='ltr'><strong><em>μή</em></strong></span> <span class='ocrx_word' id='word_1_382' title='bbox 836 4128 911 4189; x_wconf 79' lang='grc' dir='ltr'><strong><em>εἶναι.</em></strong></span> <span class='ocrx_word' id='word_1_383' title='bbox 954 4135 1000 4189; x_wconf 80' lang='grc' dir='ltr'><strong><em>καί</em></strong></span> <span class='ocrx_word' id='word_1_384' title='bbox 1022 4132 1071 4192; x_wconf 86' lang='grc' dir='ltr'><strong><em>δάο</em></strong></span> <span class='ocrx_word' id='word_1_385' title='bbox 1093 4134 1211 4189; x_wconf 75' lang='grc' dir='ltr'><strong><em>ἴστωσαν</em></strong></span> <span class='ocrx_word' id='word_1_386' title='bbox 1232 4122 1311 4193; x_wconf 68' lang='grc' dir='ltr'><strong><em>αὗται</em></strong></span> <span class='ocrx_word' id='word_1_387' title='bbox 1332 4135 1402 4196; x_wconf 78' lang='grc' dir='ltr'><strong><em>ὄπο-</em></strong></span> 
     </span>
    </p>
   </div>
   <div class='ocr_carea' id='block_1_6' title="bbox 326 4416 1405 4739">
    <p class='ocr_par' dir='ltr' id='par_1_6' title="bbox 326 4416 1405 4739">
     <span class='ocr_line' id='line_1_35' title="bbox 396 4416 1401 4492; baseline 0.014 -28"><span class='ocrx_word' id='word_1_388' title='bbox 396 4416 423 4481; x_wconf 78' lang='lat' dir='ltr'><strong><em>l)</em></strong></span> <span class='ocrx_word' id='word_1_389' title='bbox 442 4417 473 4466; x_wconf 87' lang='lat' dir='ltr'><strong><em>C.</em></strong></span> <span class='ocrx_word' id='word_1_390' title='bbox 493 4421 580 4486; x_wconf 79' lang='grc' dir='ltr'><strong><em>οτυ.ἢ</em></strong></span> <span class='ocrx_word' id='word_1_391' title='bbox 596 4420 632 4488; x_wconf 75' lang='grc' dir='ltr'><strong><em>μὴ</em></strong></span> <span class='ocrx_word' id='word_1_392' title='bbox 650 4422 761 4472; x_wconf 77' lang='grc' dir='ltr'><strong><em>εἶναιτὸ</em></strong></span> <span class='ocrx_word' id='word_1_393' title='bbox 779 4424 812 4473; x_wconf 72' lang='grc' dir='ltr'><strong><em>ἓν.</em></strong></span> <span class='ocrx_word' id='word_1_394' title='bbox 848 4451 881 4460; x_wconf 91' lang='grc'><strong>-</strong></span> <span class='ocrx_word' id='word_1_395' title='bbox 915 4421 945 4488; x_wconf 71' lang='lat'><strong><em>2)</em></strong></span> <span class='ocrx_word' id='word_1_396' title='bbox 964 4423 997 4471; x_wconf 85' lang='lat' dir='ltr'><strong><em>D.</em></strong></span> <span class='ocrx_word' id='word_1_397' title='bbox 1016 4426 1157 4475; x_wconf 78' lang='grc' dir='ltr'><strong><em>καὶτοῦτο</em></strong></span> <span class='ocrx_word' id='word_1_398' title='bbox 1176 4428 1331 4492; x_wconf 76' lang='grc' dir='ltr'><strong><em>συμβαῖνον·</em></strong></span> <span class='ocrx_word' id='word_1_399' title='bbox 1368 4456 1401 4468; x_wconf 86' lang='grc'><strong>-</strong></span> 
     </span>
     <span class='ocr_line' id='line_1_36' title="bbox 326 4498 1403 4579; baseline 0.016 -31"><span class='ocrx_word' id='word_1_400' title='bbox 326 4502 358 4562; x_wconf 74' lang='lat'><strong><em>5)</em></strong></span> <span class='ocrx_word' id='word_1_401' title='bbox 377 4501 408 4549; x_wconf 87' lang='lat' dir='ltr'><strong><em>C.</em></strong></span> <span class='ocrx_word' id='word_1_402' title='bbox 428 4498 591 4570; x_wconf 73' lang='grc' dir='ltr'><strong><em>ἀναιρείσθω.</em></strong></span> <span class='ocrx_word' id='word_1_403' title='bbox 617 4534 649 4544; x_wconf 89' lang='grc'><strong>-</strong></span> <span class='ocrx_word' id='word_1_404' title='bbox 684 4506 719 4571; x_wconf 69' lang='grc'><strong><em>4)</em></strong></span> <span class='ocrx_word' id='word_1_405' title='bbox 737 4507 766 4559; x_wconf 83' lang='lat' dir='ltr'><strong><em>C.</em></strong></span> <span class='ocrx_word' id='word_1_406' title='bbox 783 4508 800 4574; x_wconf 80' lang='grc' dir='ltr'><em>ἢ</em></span> <span class='ocrx_word' id='word_1_407' title='bbox 816 4509 847 4558; x_wconf 83' lang='grc' dir='ltr'><strong><em>τὸ</em></strong></span> <span class='ocrx_word' id='word_1_408' title='bbox 865 4511 942 4575; x_wconf 70' lang='grc' dir='ltr'><strong><em>μηδέν</em></strong></span> <span class='ocrx_word' id='word_1_409' title='bbox 960 4508 1042 4566; x_wconf 84' lang='grc' dir='ltr'><strong><em>ὄντος.</em></strong></span> <span class='ocrx_word' id='word_1_410' title='bbox 1060 4536 1094 4546; x_wconf 89' lang='lat'><strong><em>—-</em></strong></span> <span class='ocrx_word' id='word_1_411' title='bbox 1128 4507 1157 4572; x_wconf 77' lang='grc' dir='ltr'><strong><em>δ)</em></strong></span> <span class='ocrx_word' id='word_1_412' title='bbox 1175 4509 1204 4559; x_wconf 85' lang='lat' dir='ltr'><strong><em>B.</em></strong></span> <span class='ocrx_word' id='word_1_413' title='bbox 1224 4509 1253 4559; x_wconf 87' lang='lat' dir='ltr'><strong><em>C.</em></strong></span> <span class='ocrx_word' id='word_1_414' title='bbox 1274 4511 1315 4563; x_wconf 89' lang='grc' dir='ltr'><strong><em>ὄτι</em></strong></span> <span class='ocrx_word' id='word_1_415' title='bbox 1331 4511 1403 4579; x_wconf 74' lang='grc' dir='ltr'><strong><em>ἡνίκα</em></strong></span> 
     </span>
     <span class='ocr_line' id='line_1_37' title="bbox 328 4587 1405 4663; baseline 0.012 -26"><span class='ocrx_word' id='word_1_416' title='bbox 328 4589 361 4637; x_wconf 82' lang='grc' dir='ltr'><strong><em>άν</em></strong></span> <span class='ocrx_word' id='word_1_417' title='bbox 380 4587 495 4651; x_wconf 76' lang='grc' dir='ltr'><strong><em>λέγωμεν.</em></strong></span> <span class='ocrx_word' id='word_1_418' title='bbox 535 4617 562 4626; x_wconf 85' lang='lat'><em>-</em></span> <span class='ocrx_word' id='word_1_419' title='bbox 600 4588 632 4654; x_wconf 73' lang='grc' dir='ltr'><strong><em>δ)</em></strong></span> <span class='ocrx_word' id='word_1_420' title='bbox 650 4592 683 4640; x_wconf 83' lang='grc' dir='ltr'><strong><em>Ι).</em></strong></span> <span class='ocrx_word' id='word_1_421' title='bbox 700 4591 780 4663; x_wconf 85' lang='grc' dir='ltr'><strong><em>άρσιν.</em></strong></span> <span class='ocrx_word' id='word_1_422' title='bbox 816 4623 846 4633; x_wconf 87' lang='lat'>-</span> <span class='ocrx_word' id='word_1_423' title='bbox 882 4595 911 4659; x_wconf 83' lang='lat'><strong><em>7)</em></strong></span> <span class='ocrx_word' id='word_1_424' title='bbox 930 4595 960 4644; x_wconf 87' lang='grc' dir='ltr'><strong><em>Ι).</em></strong></span> <span class='ocrx_word' id='word_1_425' title='bbox 980 4594 1157 4663; x_wconf 81' lang='grc' dir='ltr'><strong><em>ελςσγάγωμεν.</em></strong></span> <span class='ocrx_word' id='word_1_426' title='bbox 1194 4623 1224 4635; x_wconf 74' lang='lat'><em>-</em></span> <span class='ocrx_word' id='word_1_427' title='bbox 1260 4595 1290 4663; x_wconf 81' lang='grc' dir='ltr'><strong><em>δ)</em></strong></span> <span class='ocrx_word' id='word_1_428' title='bbox 1312 4599 1343 4650; x_wconf 83' lang='grc' dir='ltr'><strong><em>Ι).</em></strong></span> <span class='ocrx_word' id='word_1_429' title='bbox 1363 4606 1405 4650; x_wconf 80' lang='grc' dir='ltr'><strong><em>καί</em></strong></span> 
     </span>
     <span class='ocr_line' id='line_1_38' title="bbox 327 4670 791 4739; baseline 0.019 -22"><span class='ocrx_word' id='word_1_430' title='bbox 327 4672 374 4738; x_wconf 63' lang='grc' dir='ltr'><strong><em>τὴν</em></strong></span> <span class='ocrx_word' id='word_1_431' title='bbox 392 4671 485 4722; x_wconf 82' lang='grc' dir='ltr'><strong><em>δυάδα.</em></strong></span> <span class='ocrx_word' id='word_1_432' title='bbox 524 4700 554 4709; x_wconf 95' lang='grc'>-</span> <span class='ocrx_word' id='word_1_433' title='bbox 588 4670 619 4739; x_wconf 80' lang='grc'><strong><em>9)</em></strong></span> <span class='ocrx_word' id='word_1_434' title='bbox 636 4675 668 4725; x_wconf 84' lang='lat' dir='ltr'><strong><em>D.</em></strong></span> <span class='ocrx_word' id='word_1_435' title='bbox 687 4678 791 4736; x_wconf 84' lang='grc' dir='ltr'><strong><em>παντός.</em></strong></span> 
     </span>
    </p>
   </div>
   <div class='ocr_carea' id='block_1_7' title="bbox 1153 4752 1195 4813">
    <p class='ocr_par' dir='ltr' id='par_1_7' title="bbox 1153 4752 1195 4813">
     <span class='ocr_line' id='line_1_39' title="bbox 1153 4752 1195 4813; baseline -0.024 0"><span class='ocrx_word' id='word_1_436' title='bbox 1153 4752 1195 4813; x_wconf 79' lang='grc'><strong><em>50</em></strong></span> 
     </span>
    </p>
   </div>
   <div class='ocr_carea' id='block_1_8' title="bbox 0 0 1899 5442">
    <p class='ocr_par' dir='ltr' id='par_1_8' title="bbox 0 0 1899 5442">
     <span class='ocr_line' id='line_1_40' title="bbox 0 0 1899 5442; baseline 0 0"><span class='ocrx_word' id='word_1_437' title='bbox 0 0 1899 5442; x_wconf 95' lang='lat' dir='ltr'><strong><em> </em></strong></span> 
     </span>
    </p>
   </div>
  </div>
 </body>
</html>
