3775 5442
463 639 529 702 888
883 638 969 699 triber
989 646 1118 718 quertos.

464 810 505 875 ad
538 789 716 876 scholarum
748 827 872 873 suarum
907 830 1026 873 morem
1062 815 1095 872 et
1128 806 1383 871 conmetudioem
1416 805 1547 888 propius

464 917 648 988 metisse,
681 914 930 994 quandoquidem
959 931 1039 994 quoe
1065 913 1097 974 in
1125 911 1311 972 Parmenide
1339 911 1479 991 exposita
1501 912 1547 972 ie-

464 1025 596 1101 guntnr,
624 1016 757 1077 miriflce
784 1018 980 1079 consentiunt
1008 1034 1077 1076 cum
1103 1015 1159 1089 iis,
1188 1032 1267 1094 quse
1295 1014 1479 1077 Aristoteles
1507 1032 1546 1074 ex

463 1120 604 1183 Platonis
635 1118 751 1180 scholis
777 1119 889 1182 hausta
923 1117 962 1178 ad
996 1117 1178 1179 memorium
1206 1117 1400 1197 posteritatis
1431 1135 1546 1198 propa-

466 1222 558 1304 gavit.
607 1221 683 1300 Quis
704 1238 779 1282 vero
801 1215 850 1285 est
871 1223 945 1302 quin
968 1227 1080 1302 sponte
1100 1221 1265 1300 largiatur,
1286 1220 1370 1282 inter
1390 1209 1434 1296 id,
1462 1222 1547 1300 quod

465 1325 593 1388 scholae
618 1340 708 1386 more
735 1329 828 1404 atque
854 1326 1014 1388 subtiliter
1039 1332 1072 1386 et
1100 1325 1184 1385 inter
1209 1324 1288 1384 iliud
1310 1324 1394 1403 quod
1416 1325 1548 1405 popniu·

464 1429 545 1490 riter
571 1429 613 1489 ait
640 1427 841 1507 explicatum,
871 1428 1038 1509 plurimum
1069 1426 1192 1507 quidem
1230 1425 1417 1489 discriminis
1449 1429 1548 1489 inter·

464 1532 580 1594 cedere
602 1531 715 1605 solare,
737 1546 838 1609 neque
858 1536 963 1593 tamen
985 1549 1052 1592 eam
1073 1531 1145 1591 ideo
1169 1530 1312 1591 obtinere
1324 1530 1547 1605 diversitatem,

466 1639 503 1696 ut
531 1635 664 1696 aiterum
690 1632 780 1694 alteri
811 1633 969 1697 adversari
1003 1633 1197 1696 iudicandum
1225 1634 1289 1695 siti
1333 1635 1425 1713 Quod
1452 1634 1549 1713 igitur

465 1737 557 1799 Pisto
579 1737 611 1798 in
624 1735 810 1797 Parmenide
822 1737 923 1798 Unum
945 1737 1051 1815 posuit
1071 1737 1224 1799 infinitum
1245 1743 1279 1798 et
1297 1737 1430 1811 finitum,
1463 1737 1549 1817 quod

467 1840 577 1902 statuit
603 1832 647 1901 τὰ
676 1831 764 1900 ἄλλα
794 1841 869 1900 item
899 1858 970 1903 esse
999 1847 1065 1902 tom
1092 1841 1179 1901 iinita
1204 1847 1270 1901 tum
1298 1840 1435 1916 intinita,
1464 1840 1549 1920 puori

466 1962 564 2025 porro
586 1950 791 2022 utrorumque
810 1941 871 2003 vim
893 1949 927 2005 et
947 1948 1088 2004 naturum
1109 1945 1153 2009 ita
1174 1942 1345 2021 exquisivit,
1374 1949 1549 2005 utrumme

466 2045 629 2106 notionum
657 2061 773 2126 genera
801 2044 913 2107 ordine
942 2047 1088 2126 deinceps
1115 2054 1200 2109 certa
1222 2045 1351 2125 quadam
1372 2065 1482 2108 rrormo
1502 2052 1550 2108 st-

468 2166 531 2227 que
551 2147 661 2228 regula
680 2147 721 2208 sd
742 2165 780 2209 ea
800 2149 989 2226 adhibuerit,
1013 2151 1096 2230 quod
1118 2151 1174 2211 has
1194 2150 1276 2229 ipsas
1292 2152 1435 2212 notiones
1457 2150 1549 2212 modo

467 2258 614 2331 tanrram
642 2250 816 2328 absolutas,
846 2253 941 2315 modo
970 2258 1006 2314 ut
1031 2255 1145 2316 relatus
1168 2253 1389 2329 consideravit,
1412 2254 1489 2316 irasc
1517 2262 1551 2316 et

468 2354 566 2415 muita
592 2354 626 2415 id
653 2372 751 2434 genus
779 2357 854 2432 aiis,
883 2376 977 2437 quum
1013 2359 1095 2439 apud
1123 2358 1255 2419 eundem
1290 2376 1438 2437 nusquam
1475 2359 1550 2421 alibi

468 2457 614 2521 similiter
641 2463 773 2520 tractus
801 2461 959 2536 invenias,
987 2439 1180 2522 tamennon
1203 2461 1246 2521 ita
1269 2465 1343 2521 sorni
1363 2467 1550 2542 comparata,

468 2567 505 2623 ut
526 2580 596 2623 oum
618 2562 778 2624 doetrinae
805 2563 942 2638 ratione,
965 2564 1087 2644 qualem
1113 2564 1146 2624 in
1168 2564 1236 2626 siiis
1259 2564 1324 2625 eius
1346 2564 1434 2627 libris
1456 2582 1550 2643 expo-

407 2698 409 2703 *
469 2665 560 2727 sitam
582 2664 764 2741 invenimus,
785 2684 923 2746 pugnare
946 2668 1078 2729 dicenda
1098 2669 1169 2731 sint.
1218 2669 1260 2728 Et
1282 2669 1423 2729 videmur
1442 2666 1475 2728 iu
1497 2686 1550 2728 su-

468 2769 646 2851 perioribus
674 2769 749 2831 satis
778 2770 1056 2847 demonstravisse,
1085 2773 1241 2852 quomodo
1271 2772 1403 2851 quaein
1425 2768 1550 2830 Perme-

468 2871 543 2933 nide
565 2872 714 2953 explicata
741 2879 830 2948 aunt,
859 2894 928 2936 cnm
949 2874 1008 2948 iis,
1031 2893 1110 2954 quae
1131 2876 1206 2937 aiibi
1228 2876 1382 2954 leguntur,
1406 2871 1552 2953 coniungi

470 2982 503 3036 et
530 2976 688 3038 concilisri
716 2976 767 3037 vei
794 2978 915 3056 possint
940 2977 991 3038 vel
1018 2978 1158 3039 debeant.
1224 2979 1370 3057 Apertius
1402 2977 1435 3037 id
1456 2976 1551 3037 etiam

468 3080 535 3153 fiet,
558 3079 675 3157 siquis
703 3078 877 3139 universam
898 3078 1037 3141 Platonis
1065 3081 1106 3142 de
1131 3081 1209 3141 ideis
1232 3089 1264 3140 et
1285 3080 1413 3142 scicntia
1434 3078 1553 3140 doctri-

469 3199 540 3241 nam
569 3197 723 3257 exponere
751 3184 784 3240 et
811 3185 890 3259 quae
917 3201 999 3245 nuuc
1034 3202 1070 3245 ex
1098 3183 1282 3245 Parmenide
1317 3184 1452 3245 eruimus
1486 3180 1551 3244 suis

469 3281 547 3342 iocis
578 3281 717 3341 inserere
738 3301 774 3342 so
800 3283 970 3347 diiudicare
990 3287 1133 3349 voluerit.
1176 3287 1266 3366 Quod
1290 3305 1472 3366 quamquem
1492 3300 1551 3347 uos

469 3383 530 3465 ipsi
553 3384 669 3446 dudum
691 3385 888 3465 perfecimus,
919 3395 1021 3451 umen
1043 3409 1121 3470 quse
1143 3391 1184 3452 de
1205 3391 1320 3453 haere
1341 3408 1446 3452 sumus
1467 3406 1552 3451 oom-

470 3489 606 3562 mentoti,
628 3487 702 3550 huic
722 3489 885 3569 scriptioni
907 3493 1113 3557 dubitavimus
1135 3494 1315 3576 adiungere,
1339 3492 1551 3554 nevelmoles

471 3590 545 3652 iibri
571 3591 633 3652 iam
660 3610 741 3654 nuno
768 3595 844 3655 satis
874 3599 968 3676 ampli
995 3599 1122 3660 nimium
1149 3604 1305 3660 cresceret
1331 3597 1380 3657 vei
1407 3595 1552 3675 piurima,

384 3764 389 3773 Ι
471 3712 551 3775 quse
572 3701 663 3756 antea
685 3697 918 3777 disputavimus,
940 3702 1044 3763 denuo
1065 3708 1210 3782 repetere
1231 3708 1264 3763 et
1284 3700 1438 3761 incrdcare
1460 3716 1552 3779 coge-

469 3816 585 3861 rentur.
641 3800 793 3878 Quocirca
825 3801 904 3862 hsnc
931 3804 1092 3864 materiam
1125 3824 1207 3867 nunc
1238 3820 1392 3884 seponere
1425 3799 1552 3880 placuit,

470 3903 654 3981 praesertim
683 3922 776 3982 quum
798 3906 832 3965 id
854 3907 939 3966 salvo
967 3908 1096 3991 oonsilio
1125 3916 1232 3970 nostro
1261 3907 1329 3970 tisri
1351 3924 1445 3985 posse
1466 3903 1552 3964 vids·

470 4011 568 4068 retur.
619 4007 752 4088 Reliqua
777 4009 874 4089 igitur
901 4016 950 4071 est
971 4028 1032 4071 una
1053 4007 1184 4073 Socheri
1205 4010 1366 4072 dubitatio.

499 4120 502 4125 '
555 4108 689 4171 Miratur
711 4110 791 4173 enim
806 4112 852 4173 vir
863 4116 1008 4193 optimus,
1037 4114 1121 4193 quod
1144 4133 1223 4193 quoae
1247 4115 1279 4175 in
1298 4113 1359 4175 hoc
1376 4113 1458 4175 libro
1477 4128 1551 4175 oon·

469 4209 628 4271 tineantur
649 4211 783 4289 decreta,
806 4234 843 4275 es
863 4216 895 4276 in
918 4218 987 4279 aliis
1009 4216 1147 4279 Platonis
1169 4217 1316 4296 operibus
1339 4234 1400 4278 nou
1421 4213 1486 4278 siut
1512 4208 1553 4274 sd

470 4329 561 4374 suum
582 4322 734 4385 avocato.
786 4318 878 4396 Quod
900 4339 1081 4399 utrumquem
1103 4320 1204 4399 primo
1232 4328 1358 4400 repectu
1385 4334 1553 4396 sanequam
1626 4350 1628 4355 ·

470 4417 614 4477 mirabile
634 4418 772 4491 videtur,
800 4426 903 4480 tamen
928 4438 1040 4482 vereor
1061 4441 1102 4484 ue
1121 4424 1218 4504 magis
1241 4425 1333 4485 etiam
1355 4423 1466 4483 mirum
1499 4416 1551 4493 sit,

465 4517 556 4607 'quod
571 4518 727 4581 Socherus
740 4540 776 4582 es
790 4541 827 4582 eo
840 4541 875 4582 re
891 4523 997 4584 iudicii
1016 4526 1065 4587 sui
1078 4533 1291 4606 argumentum
1311 4527 1446 4607 repetiit.
1475 4521 1552 4584 Nona

472 4623 507 4677 ut
528 4638 634 4682 verum
656 4622 707 4697 sit,
731 4624 814 4703 quod
836 4624 890 4687 iiie
912 4627 1133 4706 pronuntiavit,
1157 4636 1260 4694 tomen
1279 4629 1425 4694 continuo
1444 4625 1554 4689 exinde
