3775 5442
692 629 778 690 hiber
800 633 912 692 tertius.
958 631 1058 693 Sectis
1072 631 1107 693 ll.
1215 670 1219 681 ·
1373 637 1436 703 tut

355 792 396 861 τὸ
419 794 582 885 πρότερον
604 797 784 884 ἐπεδήμησε
806 799 1091 885 ἐκΚλαζομενῶνι
1112 807 1195 868 unde
1213 805 1290 867 illud
1313 807 1438 889 quidam

356 908 444 979 perte
473 905 674 985 intelligitur,
711 926 778 967 earm
810 906 863 966 din
888 905 1082 969 Clazomenis
1109 927 1213 970 rerum
1235 929 1360 973 sumum
1381 912 1436 975 ha·
1468 962 1473 973 .

353 1007 462 1069 bulsse
484 1007 691 1071 domicilium:
714 1007 795 1089 quod
818 1009 1054 1091 lncaphalum,
1076 1011 1190 1092 Lysiae
1207 1018 1339 1092 patrem,
1362 1032 1436 1076 neu-

353 1111 472 1191 tiquam
495 1113 647 1188 conuenit,
669 1132 759 1192 quem
782 1111 956 1192 accepimus
978 1114 1099 1195 Olymp.
1122 1113 1264 1181 lxxvi.
1285 1115 1316 1177 4.
1344 1116 1437 1199 Syra-

353 1214 437 1277 cusis
465 1216 603 1279 Athenas
630 1215 865 1295 commigrasse,
894 1216 1001 1296 ibique
1022 1217 1168 1298 deinceps
1190 1217 1318 1298 triginta
1339 1239 1436 1284 annua
1505 1260 1508 1265 ·

352 1320 465 1380 aetatis
493 1320 690 1400 transegisse.
719 1338 746 1377 v.
773 1315 881 1396 Lysias
909 1320 979 1385 adv.
1008 1321 1205 1383 Eratosthen.
1235 1341 1275 1402 p.
1289 1322 1360 1385 12⁰.
1381 1325 1437 1391 26.

353 1422 427 1483 coll.
449 1423 586 1486 Gliuton.
617 1422 700 1484 Fast.
729 1413 1205 1503 Hellen..p.57.ed,1lrhger.
1255 1425 1290 1488 ln
1316 1427 1436 1505 eadam,

352 1544 415 1606 qus
437 1545 505 1601 nos,
527 1524 683 1588 sententia
703 1522 764 1583 init
775 1521 905 1583 Proetus
927 1523 964 1587 Τ.
986 1525 1040 1591 1v.
1061 1545 1093 1607 p.
1106 1526 1206 1605 liisq.
1228 1533 1261 1588 et
1281 1529 1434 1608 plided.

350 1629 447 1690 (inus.
471 1628 524 1708 qui
545 1631 671 1707 praeter
690 1625 752 1686 alia
772 1624 948 1687 verissime:
978 1623 996 1688 ὁ
1018 1624 1198 1716 Ἀντιφῶν,
1219 1629 1335 1710 inquit,
1357 1628 1435 1708 τοὺς

350 1725 476 1812 λόγους
500 1722 684 1811 διηγήσατο
698 1727 754 1791 καὶ
775 1719 878 1803 αὐτὸς
900 1721 1016 1802 ἄλλοις
1031 1727 1272 1815 Κλαζομενίοις
1294 1728 1437 1815 ἀνδράσι

347 1826 392 1895 τὸ
431 1831 628 1921 (μιλοοοᾳεῖι
655 1830 753 1917 ἔργον
779 1824 1006 1911 ποιουμένοις,
1042 1836 1077 1895 ἐκ
1109 1834 1168 1912 τῆς
1203 1836 1264 1897 τοῦ
1297 1829 1435 1914 Ἀναξα-

348 1929 461 2019 γόρου
483 1932 701 2008 διδασκαλίας
721 1927 888 2010 Ἀθήναζε
909 1928 1138 2021 ἀφικομένοις.
1193 1938 1228 1999 ln
1250 1939 1436 2002 contundam

347 2037 539 2100 seutentiam
565 2037 692 2099 inclinat
721 2035 825 2097 Groen
853 2053 880 2099 v.
909 2035 1060 2102 Prinster.
1091 2038 1280 2121 Prosopogr.
1308 2059 1340 2121 p.
1362 2040 1436 2107 112.

348 2142 438 2203 cuius
472 2146 574 2202 tamen
608 2145 788 2220 argumenta
822 2156 934 2202 vercor
967 2148 1004 2203 ut
1030 2143 1159 2229 multum
1195 2142 1345 2222 ponderis
1379 2144 1435 2206 ha-

348 2246 456 2307 beant.

435 2344 539 2406 Maior
561 2344 712 2407 dubitatio
735 2349 784 2406 est
805 2345 845 2407 de
866 2346 1032 2408 Adimanto
1054 2351 1088 2405 at
1109 2344 1277 2422 Glaucone,
1301 2366 1433 2426 quornm

349 2450 451 2512 irater
473 2469 510 2510 ex
531 2453 631 2510 matre
651 2448 810 2528 Antiphon
832 2449 931 2512 inisse
952 2449 1144 2529 perhibetur.
1168 2449 1228 2526 Qui
1250 2469 1344 2529 quum
1365 2450 1434 2512 sina

349 2554 414 2614 ulla
452 2554 575 2633 generis
609 2553 768 2613 mentione
801 2557 1098 2626 commemorentur,
1131 2550 1231 2630 primo
1266 2559 1351 2614 certe
1378 2554 1434 2614 ad-

349 2662 460 2736 spectu
489 2675 592 2717 nemo.
607 2657 746 2730 dubitet,
784 2656 856 2733 quin
883 2655 999 2717 iratres
1028 2655 1127 2735 ipsius
1148 2654 1287 2717 Platonis
1316 2656 1432 2719 iutelli-

349 2759 445 2842 gandl
464 2760 537 2836 sint,
561 2759 600 2820 de
625 2761 738 2841 quibus
759 2764 832 2838 past
853 2759 931 2820 alins
954 2757 1103 2838 singulari
1125 2775 1193 2817 cum
1209 2756 1368 2837 diligentia
1382 2778 1433 2820 ex-

349 2863 457 2944 posuit
469 2865 576 2926 liroen
588 2884 646 2925 van
658 2864 835 2926 Prinaterer
846 2860 1096 2941 Prosnpograph.
1109 2858 1230 2923 Platon.
1253 2879 1283 2940 p.
1297 2861 1358 2920 207
1366 2880 1432 2942 sqq.

351 2967 457 3047 Atque
480 2967 524 3029 ita
553 2974 639 3028 certe
667 2971 842 3028 statuerunt
868 2963 1054 3026 Plutarchus
1086 2964 1127 3026 de
1153 2962 1304 3024 Fraterno
1328 2963 1434 3026 Amor.

350 3090 383 3151 p.
412 3069 534 3136 tntu.
557 3072 607 3132 ed.
634 3070 743 3132 manc.
778 3075 871 3150 rtqnc
902 3068 1032 3130 Proclus
1060 3068 1081 3131 i.
1115 3085 1140 3127 c.
1168 3085 1199 3147 p.
1222 3064 1274 3130 bi.
1303 3085 1433 3145 quorum

348 3153 417 3237 tlte‘
432 3175 655 3254 Antiphontem
683 3173 822 3236 Platonis
844 3171 974 3232 fratrem
1002 3178 1077 3232 natu
1105 3169 1262 3231 minimum
1287 3170 1431 3249 appellat.

347 3276 520 3339 verissime
541 3282 644 3337 tamen
666 3275 941 3338 Schleiermacherl
964 3294 1090 3338 acumen
1113 3272 1273 3355 perspexit
1295 3273 1337 3334 ita
1356 3292 1431 3336 neu·

347 3380 467 3461 tiquam
488 3379 637 3461 intelligi,
664 3381 717 3460 qui
737 3381 897 3462 Antiphon
919 3380 1058 3461 potuerit
1086 3378 1261 3440 conversari
1282 3397 1351 3439 cnm
1372 3378 1432 3459 Py-

346 3483 496 3557 thodoro,
519 3482 654 3547 Zenonis
676 3485 783 3559 amico,
806 3484 845 3544 ad
868 3502 959 3562 quem
975 3482 1177 3544 Parmenides
1200 3484 1233 3541 et
1253 3478 1338 3540 Zeno
1361 3498 1432 3542 nar-

346 3592 458 3647 rantur
480 3586 668 3663 devertisse,
699 3607 759 3667 qno
788 3594 931 3665 tempore
959 3583 1103 3647 Socrates
1124 3583 1173 3643 vix
1193 3581 1432 3663 pucrillaetate

347 3691 543 3752 excessisset.
587 3689 738 3768 Quocirca
765 3689 942 3769 rrerrtiqusm
973 3690 1118 3749 miramur
1145 3687 1266 3747 Artium
1294 3684 1326 3745 ln
1347 3685 1430 3749 libro

348 3794 391 3856 de
411 3792 484 3855 Vita
507 3800 540 3855 et
560 3791 690 3871 Scriptis
711 3791 848 3855 Platonis
877 3814 907 3874 p.
930 3793 1003 3855 244.
1034 3792 1100 3853 siue
1127 3789 1331 3852 haesitatione
1358 3808 1432 3869 pro·

347 3896 545 3969 nuntiavisse,
569 3895 756 3957 Glauconern
780 3897 871 3959 istum
896 3903 928 3958 et
950 3897 1146 3959 Adimantum
1168 3912 1186 3954 a
1206 3892 1344 3953 Platonis
1367 3890 1432 3952 ira-

347 4000 449 4061 tribus
472 3998 578 4077 uthue
601 4018 670 4062 esse
692 3999 838 4063 diversos.
884 4000 1028 4080 Quamvis
1051 3998 1131 4060 enim
1153 4014 1175 4076 p
1204 3992 1322 4057 12η.
1344 3994 1431 4057 Anti-

345 4104 433 4184 phon
455 4108 599 4163 usmetun
626 4096 797 4181 μειοιέκιον
819 4096 865 4167 (δν
888 4094 966 4176 τοὺς
988 4096 1108 4182 λόγους
1131 4098 1292 4176 (Zenonis,
1306 4096 1432 4187 Parme-

347 4206 430 4268 nidis
452 4211 545 4285 atque
568 4202 722 4276 Sacratis)
751 4193 785 4267 εὖ
810 4199 903 4286 μάλα
926 4203 1177 4285 denunciatione,
1199 4207 1303 4263 tamen
1323 4218 1364 4263 ne
1385 4199 1433 4260 sic

347 4308 474 4387 quidam
497 4317 670 4388 temporum
693 4307 829 4370 rationes
851 4309 1054 4376 converriunt3
1077 4324 1152 4384 quas
1169 4305 1228 4365 etsi
1243 4304 1333 4364 Plato
1348 4300 1432 4363 haud

345 4431 419 4473 raro
454 4411 610 4486 confudit,
650 4416 752 4472 tamen
786 4430 897 4473 remor
933 4429 974 4473 ne
1000 4409 1092 4471 ulmis
1119 4408 1289 4469 violaturus
1318 4405 1432 4485 inisset¹

345 4514 435 4595 leges
457 4514 752 4588 verisimilitudinis,
781 4516 808 4577 si
830 4515 1052 4596 Antiphontem
1075 4509 1339 4574 adolescentulum
1361 4528 1430 4571 curn

345 4616 531 4700 Pythodoro
567 4619 732 4683 convenire
762 4618 905 4683 iussisset
927 4617 1064 4681 Socratis
1098 4607 1174 4678 item
1208 4612 1430 4678 adolescentuli
