3775 5442
537 729 540 734 ¹
666 641 751 699 {tuor
773 643 891 718 primus.
935 639 1036 701 Sectio
1058 643 1091 703 V.
1351 646 1415 737 ΙΙΝ)

326 830 365 872 ea
388 830 426 873 re
447 811 543 872 fuerit
569 812 739 887 sententia,
768 819 913 891 quantum
936 815 968 874 id
991 833 1048 893 per
1069 815 1315 877 testimoniorum
1339 838 1416 897 pau·
1485 888 1488 894 ‚

325 918 456 977 citatem
470 914 575 976 facere
588 916 690 990 liceat,
712 917 894 994 explicatius
908 917 1175 996 disputaverimus.
1221 920 1261 978 iit
1276 920 1315 978 de
1326 920 1415 981 finito

325 1019 456 1100 quidem
478 1018 686 1099 Pythagorico
710 1019 827 1082 dictum
849 1026 898 1082 eat
919 1028 1026 1094 antea,
1050 1031 1084 1082 ut
1105 1040 1184 1100 opus
1206 1040 1268 1084 uon
1291 1024 1414 1087 sithoc

324 1125 399 1186 lecu
425 1124 556 1185 verbum
584 1124 727 1184 adiicere.
778 1121 845 1183 Nisi
873 1122 960 1184 forte
987 1125 1123 1185 volueris
1153 1144 1234 1186 nuuc
1259 1126 1414 1205 explorari

324 1246 362 1287 ac
384 1225 551 1287 diiudicari
572 1246 591 1286 a
611 1228 701 1288 uobis
722 1246 775 1301 ea,
798 1244 877 1306 quae
898 1224 1089 1288 Damaratus
1115 1228 1160 1288 lie
1184 1229 1300 1290 Rerum
1323 1231 1415 1292 Priu-

326 1331 417 1411 cipiia
438 1349 470 1408 p.
484 1327 548 1390 15⁰
565 1350 632 1409 sqq.
655 1330 706 1391 ed.
727 1331 828 1410 Kupp.
857 1330 898 1391 de
920 1329 1035 1391 haere
1056 1349 1144 1391 more
1166 1351 1222 1394 suu
1244 1333 1413 1395 hallucina-

325 1442 377 1497 tus
400 1439 468 1507 est,
490 1452 551 1513 quo
575 1433 699 1513 quidam
721 1434 791 1495 luco
813 1433 968 1513 disputat,
992 1451 1052 1510 quo
1075 1433 1169 1494 modu
1191 1435 1241 1510 id,
1265 1437 1349 1517 quod
1371 1440 1415 1501 sit

326 1556 363 1598 ex
386 1544 506 1598 uacet
526 1537 633 1597 multis
655 1539 799 1610 mixtum,
829 1537 958 1597 criatm.
1002 1536 1065 1597 Sed
1088 1544 1225 1615 praestat
1246 1540 1349 1601 statim
1372 1541 1413 1601 ad

326 1641 412 1720 ipsos
439 1639 546 1701 instes
575 1641 680 1720 potius
713 1641 862 1701 accedere
897 1657 994 1717 puros
1027 1640 1099 1700 illos
1133 1647 1226 1719 atque
1258 1643 1413 1722 limpidae,

328 1763 419 1824 qaam
444 1747 572 1824 eopiosa
595 1745 737 1804 oratione
757 1763 846 1822 quam
866 1742 1040 1802 turbulenti
1051 1743 1115 1803 sint
1125 1744 1299 1805 istiusmodi
1312 1729 1421 1820 rivuli(

328 1847 554 1910 demonstrare.
605 1846 729 1906 Nullum
758 1853 861 1906 autem
888 1845 1040 1906 habemus
1069 1851 1182 1907 testem
1204 1847 1252 1907 rei
1275 1847 1415 1926 iocrrple-

328 1952 456 2024 tionem,
480 1969 570 2029 quam
583 1950 684 2027 ipsum
701 1948 862 2010 Platonem
876 1949 1007 2029 eiusque
1020 1948 1204 2028 discipulum
1223 1950 1413 2030 Stagiritam.

328 2056 373 2115 Ac
392 2052 532 2116 Platonis
555 2051 678 2131 quidem
702 2053 912 2114 testimouium
934 2071 996 2113 uua
1019 2053 1097 2112 latet
1118 2052 1348 2126 absconditum,
1378 2060 1415 2117 ut

327 2158 379 2218 diu
418 2158 612 2235 multumque
651 2156 878 2237 anquirendum
913 2157 963 2218 sit.
1024 2154 1169 2234 Legimus
1209 2158 1290 2217 euim
1329 2157 1413 2218 inira

325 2281 357 2342 p.
379 2260 451 2323 158.
473 2260 510 2321 1).
533 2278 628 2319 ιιιιιιιιι
649 2266 683 2320 et
704 2250 746 2320 τὰ
769 2252 872 2334 ἄλλα,
895 2278 974 2339 quae
995 2267 1123 2338 praeter
1139 2260 1239 2343 ipsum
1262 2261 1334 2334 siut,
1357 2281 1413 2322 na-

326 2373 400 2424 tura
426 2362 551 2441 quidem
574 2382 630 2424 sna
650 2381 721 2424 esse
749 2363 884 2435 munita,
913 2380 952 2422 eo
975 2369 1094 2438 antem,
1119 2364 1201 2443 quod
1223 2363 1262 2426 iis
1284 2367 1412 2428 tertium

326 2465 474 2546 quiddam
502 2466 646 2539 accedet,
682 2471 831 2544 protenus
867 2466 1000 2526 euadere
1023 2469 1137 2548 fluite.
1185 2470 1254 2547 ero
1284 2469 1355 2529 locu
1383 2469 1412 2530 si

327 2571 467 2650 quaeris,
490 2571 636 2648 quidnam
658 2570 783 2631 taudem
803 2570 931 2629 tertium
952 2570 1029 2630 iliud
1044 2570 1255 2649 intelligatur,
1278 2572 1350 2651 quin
1370 2573 1411 2633 de
1445 2638 1448 2642 ,

325 2676 483 2737 mutire
502 2675 532 2733 vi
554 2681 587 2733 et
609 2681 718 2733 natura
739 2674 869 2752 eogitari
884 2672 1012 2745 debeat,
1038 2675 1089 2751 qui
1114 2675 1210 2735 totius
1233 2675 1292 2736 luci
1314 2677 1410 2735 ratio-

325 2792 400 2837 uem
428 2775 635 2848 excusserint,
665 2774 1118 2854 haudquaquamdubitabunt.
1162 2778 1410 2855 aequanimus

328 2885 381 2940 est
403 2879 442 2938 ab
462 2879 520 2938 hac
541 2880 723 2957 quaestione
752 2885 858 2939 nostra
888 2878 976 2938 iocus
999 2877 1166 2956 Sophistae
1193 2879 1355 2957 pmii.
1371 2910 1405 2924 -

328 2981 407 3044 251.
420 2980 456 3046 Α.
497 2981 541 3043 lui
559 2984 642 3042 euim
658 2987 821 3061 postquam
846 2979 987 3040 doctriua
1011 2997 1136 3053 comum,
1160 2980 1212 3057 qui
1233 2981 1413 3041 statuebant

327 3085 501 3148 mendam·
522 3086 676 3165 quaudam
704 3092 885 3164 perpetuam
915 3101 1045 3160 eamque
1073 3082 1247 3158 immotam,
1275 3082 1412 3143 aestuata

327 3196 388 3264 ear,
410 3189 543 3269 ideoque
557 3190 658 3269 ipsum
672 3191 749 3252 iiiud
766 3194 814 3261 iv,
836 3187 918 3269 qnod
938 3207 955 3246 a
971 3185 1154 3253 Parmenide
1168 3205 1262 3267 supra
1279 3185 1410 3244 uidimus

326 3292 522 3365 adumbrari,
544 3294 667 3371 penitus
689 3293 860 3364 sublatum,
883 3292 963 3352 ideis
986 3298 1088 3349 motus
1111 3295 1202 3368 atque
1230 3289 1292 3348 uita
1316 3305 1408 3366 quae-

327 3397 397 3457 dam
420 3396 601 3459 uindicatur.
646 3398 707 3458 Sed
731 3415 771 3456 ue
791 3396 835 3456 ita
857 3391 973 3466 οὐσίας
995 3394 1124 3453 tollatur
1138 3394 1319 3466 constantia,
1342 3395 1409 3473 ipsa

327 3506 431 3561 motus
460 3506 570 3559 natura
599 3507 631 3559 et
659 3502 739 3560 ratio
768 3498 806 3558 ad
836 3486 1000 3558 essentiam
1032 3496 1161 3572 aliquam
1190 3497 1408 3575 sempiternam

327 3603 423 3663 sedati
452 3603 671 3681 adstringitur,
706 3605 792 3662 cuim
822 3608 924 3661 motus
949 3603 1016 3679 ipse
1037 3599 1192 3678 particeps
1215 3599 1282 3658 fieri
1305 3600 1409 3659 existi·

326 3708 405 3766 mari
427 3706 549 3767 debeat.
594 3707 746 3782 Quocirca
767 3704 810 3766 ibi
834 3721 956 3782 qnoque
979 3703 1065 3763 finite
1086 3703 1224 3762 idearum
1249 3698 1346 3764 ericio
1368 3703 1408 3762 sd

326 3810 480 3870 infinitum
510 3806 665 3888 quoddam
696 3826 750 3867 eus
773 3814 951 3880 revocatur,
981 3805 1063 3883 quod
1086 3824 1144 3884 pcr
1165 3824 1231 3865 eam
1255 3812 1287 3870 et
1306 3807 1408 3884 ipsum

326 3912 431 3972 eradit
457 3912 589 3972 finitum.
639 3910 756 3972 Verum
782 3910 991 3970 examinemus
1012 3909 1072 3969 iam
1104 3909 1190 3968 locos
1213 3906 1408 3980 Aristotelia,

327 4015 357 4076 iu
380 4015 494 4094 quibus
516 4015 578 4077 hoc
599 4015 736 4077 Platonis
759 4013 918 4073 decretum
939 4013 990 4073 rei
1012 4012 1150 4072 breviter
1170 4009 1275 4088 tetigit
1297 4010 1344 4070 vei
1357 4028 1407 4068 co-

327 4119 446 4197 piosius
478 4118 651 4197 explicavit.
704 4119 738 4178 Iu
766 4116 877 4196 quibus
909 4114 1101 4177 illustrandis
1129 4131 1244 4194 operae
1273 4113 1407 4192 pretium

326 4223 390 4283 erit
417 4222 584 4285 observare
617 4222 710 4296 illud,
741 4219 825 4301 quod
846 4219 907 4280 iam
929 4217 1003 4279 aiibi
1025 4217 1275 4298 significavimus,
1305 4214 1408 4274 Plato-

325 4344 397 4386 neru
424 4325 457 4385 iu
483 4326 650 4387 verborum
678 4344 735 4386 usu
764 4323 825 4385 sibi
854 4341 916 4382 nuu
944 4340 1067 4402 semper
1093 4321 1271 4383 constitisse
1298 4316 1407 4388 videri,

325 4429 384 4489 nd
405 4448 497 4490 unum
528 4426 719 4505 eandemque
748 4444 814 4487 rem
841 4444 899 4504 pru
926 4425 1047 4486 consilii
1076 4424 1125 4486 sui
1146 4425 1296 4486 uarietate
1316 4421 1408 4481 uariis

326 4531 506 4593 nominibus
527 4530 731 4612 insiguinisse
776 4530 822 4590 Ex
846 4548 906 4607 quo
928 4530 997 4608 ipso
1019 4528 1138 4601 evenit,
1167 4534 1202 4587 ut
1224 4544 1303 4604 qnae
1324 4529 1409 4584 esset
1446 4528 1456 4550 ⁹

325 4635 426 4715 ipsius
448 4634 604 4696 scatentia
623 4639 658 4695 et
678 4653 733 4697 cur
753 4632 939 4695 Aristotelea
962 4631 1045 4693 uaria
1069 4635 1101 4689 et
1123 4628 1291 4708 pugnantia
1311 4628 1407 4689 tradi·

1456 4686 1555 4814 Ι
