3775 5442
478 627 542 691 104
806 622 893 682 Liber
914 622 1036 699 primns.
1079 620 1179 681 Sestio
1201 620 1235 684 V.

478 796 669 858 extrinsecus
690 793 801 874 positis
822 793 953 869 habeat,
982 795 1186 875 investigetur
1198 799 1299 875 ,atque
1321 793 1566 871 demonstretur,

479 920 541 981 quo
560 901 661 980 vmagis
683 903 845 978 appareat,
867 916 930 959 non
951 896 1053 959 solum
1073 915 1126 960 res
1138 915 1248 960 sensus
1264 898 1434 979 pellentes,
1457 917 1567 961 veruna

458 1006 573 1067 'etiam
595 1003 678 1085 ipsas
699 1002 786 1063 ideas
807 1001 959 1088 variarum
981 1000 1136 1067 rationum
1158 1007 1191 1063 et
1212 1002 1437 1081 proprietatnm
1456 1003 1566 1083 utique

480 1128 552 1171 ease
574 1124 717 1187 cspaces,
744 1092 890 1184 ideoque'
908 1123 1014 1166 earum
1037 1105 1197 1166 scientiam
1225 1112 1318 1185 utque
1348 1106 1567 1185 cognitionem,

481 1212 690 1292 opinationem
708 1213 741 1268 et
754 1207 986 1288 perceptionem
1001 1209 1102 1269 locum
1114 1209 1239 1269 habere.
1275 1209 1366 1287 Quod
1385 1229 1568 1289 quormquom

479 1316 589 1394 ntique
609 1314 653 1374 ita
673 1311 790 1375 iactum
812 1320 876 1387 est,
905 1319 941 1372 ut
971 1311 1206 1387 attributiones,
1240 1330 1318 1392 quae
1344 1312 1473 1392 proprie
1500 1320 1568 1373 tan-

480 1417 643 1482 tummodo
669 1416 702 1478 in
735 1435 788 1478 res
815 1414 1042 1496 adspectsbiies
1076 1415 1274 1490 conveniant,
1307 1434 1366 1477 usn
1401 1400 1569 1478 verborum

480 1521 654 1604 improprio
680 1520 720 1581 ad
749 1520 837 1583 ideas
869 1518 1116 1594 transferantur,
1150 1523 1183 1580 ei
1210 1536 1284 1579 vero
1306 1520 1397 1580 etiam
1420 1507 1569 1581 nonnulis

480 1626 622 1707 argutius
654 1641 745 1705 quam
772 1623 874 1685 serius
902 1616 1145 1696 concludantur,
1176 1627 1280 1683 tamen
1313 1621 1366 1700 qui
1402 1620 1481 1683 nihil
1507 1623 1569 1685 nisi

481 1748 583 1792 mesas
611 1729 707 1790 tricos
734 1728 911 1789 dialecticas
940 1726 993 1786 hic
1014 1724 1137 1785 odorati
1163 1731 1251 1801 sunt,
1286 1725 1398 1804 quibus
1424 1723 1571 1786 videlicet

481 1831 689 1914 philosophus
711 1831 906 1915 adversarios
928 1847 1003 1890 auos
1024 1826 1073 1888 vel
1094 1843 1233 1906 pungere
1254 1828 1571 1911 veiniiiuderevoiue-

482 1923 540 2010 rit,
570 1935 593 1996 ii
614 1934 699 1996 haud
721 1934 817 1996 dubie
837 1931 995 1994 iudicandi
1016 1930 1139 1992 suntin
1161 1949 1274 2012 magno
1290 1931 1445 2012 opinionis
1461 1917 1572 1994 errore

483 2039 598 2101 verenti
627 2055 708 2099 esse.
756 2035 834 2096 Nam
860 2055 897 2096 re
923 2023 1095 2095 accuratius
1122 2033 1331 2116 pervestigata
1358 2035 1436 2098 nihii
1458 2016 1571 2119 depre-

482 2140 664 2214 hendimus,
686 2139 769 2219 qnod
792 2141 861 2201 ioco
883 2137 975 2199 alicui
997 2143 1050 2198 aut
1072 2137 1153 2198 lusui
1175 2139 1276 2200 simile
1296 2140 1354 2202 sita
1381 2141 1445 2201 imo
1467 2120 1571 2201 omnia

483 2251 545 2306 tam
569 2260 678 2304 severe
706 2249 739 2304 et
766 2259 1011 2322 paenemorose
1032 2241 1083 2322 agi
1104 2240 1251 2316 vidimus,
1273 2250 1309 2304 ut
1330 2243 1436 2305 nescio
1458 2243 1571 2322 quibus

484 2347 611 2408 naribus
637 2344 783 2407 instructi
812 2344 946 2419 inerint,
983 2346 1036 2425 qui
1057 2363 1156 2426 ungas
1177 2347 1297 2410 seilicet
1318 2346 1394 2409 istas
1416 2346 1571 2410 irrisionis
1614 2373 1615 2377 ¹

485 2468 596 2511 mussa
616 2450 822 2510 accumulatas
844 2448 1030 2513 olfecerunt.
1073 2449 1165 2529 Quod
1187 2456 1290 2510 sutem
1312 2449 1424 2511 attinet
1441 2450 1485 2531 asi
1507 2468 1572 2512 am·

484 2553 668 2633 iniguitatem
690 2551 874 2626 veriorum,
906 2551 947 2612 de
969 2571 1029 2632 qiua
1051 2559 1141 2614 antea
1163 2552 1279 2615 dictum
1302 2558 1367 2627 est,
1399 2552 1484 2620 haud
1505 2536 1571 2615 scio

485 2675 523 2717 an
546 2676 653 2718 omnes
676 2674 757 2717 nunc
777 2655 858 2717 illud
879 2655 1027 2716 iudicium
1050 2676 1107 2736 pro
1119 2675 1194 2717 vero
1214 2655 1276 2717 sint
1291 2657 1464 2737 probaturi,
1487 2656 1572 2737 qnod

452 2749 455 2756 ’
486 2769 576 2822 antea
596 2760 700 2822 iacere
723 2760 765 2821 de
785 2757 844 2821 hac
864 2777 900 2821 re
922 2778 984 2822 nan
1013 2759 1230 2823 dubitavimus.
1272 2757 1440 2843 Enimvero
1463 2766 1572 2841 estes

485 2884 562 2927 sane
590 2871 652 2926 tam
682 2863 853 2943 prudenter
881 2863 923 2924 ad
944 2850 1042 2944 totius
1064 2863 1253 2944 quaestionis
1276 2863 1438 2925 consilium
1460 2868 1573 2925 attem-

455 3015 461 3027 .
484 2973 608 3048 perata,
630 2956 751 3028 utisuic
771 2969 948 3047 neutiquam
971 2968 1167 3040 adversetur,
1190 2967 1246 3028 sed
1269 2967 1373 3046 potius
1393 2950 1572 3051 planissime

485 3052 657 3134 conveniet.
699 3069 802 3148 Atque
823 3070 873 3132 nis
896 3069 1206 3144 omnibuseiiicitur,
1229 3076 1264 3130 ut
1278 3071 1352 3149 quid
1365 3069 1572 3151 philosophus

486 3176 518 3234 in
540 3173 589 3232 iris
611 3171 800 3249 explicandis
823 3173 1025 3251 spectaverit,
1045 3191 1108 3232 non
1129 3179 1192 3232 tam
1217 3175 1393 3236 abstrusum
1417 3179 1573 3236 etrecon-

487 3277 585 3336 ditum
607 3272 711 3352 putari
732 3273 874 3348 debeat,
887 3294 978 3353 qusm
999 3274 1091 3354 vulgo
1105 3277 1246 3337 arbitrati
1261 3282 1341 3338 sunt.
1387 3258 1574 3357 Quippe‘ut

487 3378 636 3452 diximus,
658 3374 736 3437 nihil
757 3376 842 3438 aliud
863 3379 918 3438 iile
939 3379 1051 3452 voluit,
1078 3379 1138 3441 nisi
1159 3381 1299 3466 idearum
1316 3383 1493 3463 *ostendere
1518 3399 1574 3442 na·

486 3489 587 3543 turam
609 3481 816 3557 citationes,
840 3486 875 3542 ut
896 3482 1020 3543 tandem
1043 3490 1225 3563 appareret,
1249 3484 1323 3563 quid
1346 3492 1378 3547 ct
1400 3487 1441 3546 de
1461 3486 1500 3547 iis
1514 3503 1574 3564 per

487 3604 523 3647 se
550 3585 696 3664 spectatis
724 3589 807 3646 esset
835 3586 1031 3647 statuendum
1061 3591 1094 3646 et
1123 3606 1183 3665 qno
1211 3605 1290 3650 nexu
1312 3575 1470 3669 vel'ipsse‘
1490 3589 1574 3650 inter

488 3674 594 3753 nevel
616 3708 686 3750 cum
708 3689 801 3751 rebus
823 3690 881 3751 sub
904 3708 1028 3752 sensum
1051 3690 1233 3752 cadentibus
1255 3679 1506 3765 continerentur,
1534 3709 1574 3753 ex

487 3808 548 3875 quo
571 3799 673 3857 totum
693 3791 846 3872 penderet
875 3794 915 3855 de
944 3812 1049 3854 earum
1073 3793 1317 3875 proprietatibus
1340 3801 1373 3880 et
1393 3775 1574 3874 cognitione

486 3897 649 3959 iudicium:
671 3900 707 3956 ut
727 3893 870 3974 proiecto
894 3895 987 3957 liceat
1008 3897 1190 3959 interiorem
1214 3898 1365 3976 quiandsm
1379 3896 1573 3972 dialecticen,

486 4019 556 4062 cnm
583 3997 793 4078 metaphysica
820 3999 993 4062 arctissime
1021 4020 1188 4063 connexam
1215 4004 1465 4083 copulatumque,
1502 4004 1573 4062 toto

486 4101 549 4164 iroe
573 4102 643 4163 loco
672 4119 849 4180 agnoscere.
901 4104 1052 4182 Quoniam
1081 4112 1185 4165 autem
1206 4104 1238 4166 in
1261 4111 1346 4166 mota
1367 4101 1574 4182 amplitudine

487 4207 571 4279 eius,
608 4223 686 4284 quae
715 4205 756 4267 de
781 4207 843 4270 hoc
868 4208 938 4271 loco
966 4207 1109 4270 instituta
1137 4214 1202 4282 est,
1231 4206 1450 4288 disputationis
1479 4207 1575 4272 facile

485 4309 588 4387 potnit
615 4308 770 4383 accidere,
808 4318 843 4372 ut
865 4311 1068 4391 quar-ratione
1095 4312 1217 4392 singnis
1244 4317 1426 4393 arguments
1458 4312 1575 4374 sl’ar-

485 4411 609 4472 menide
630 4412 770 4492 exposita
790 4414 873 4473 inter
894 4433 965 4476 sese
982 4415 1196 4490 cohaereant,
1208 4416 1359 4478 non-satia
1375 4416 1412 4477 ab
1429 4418 1573 4478 omnibus

486 4516 728 4579 animadversum
752 4517 809 4591 sit,
832 4536 906 4595 age,
929 4537 1009 4595 quiae
1026 4519 1127 4580 adhuc
1146 4519 1246 4582 insius
1261 4520 1490 4600 explicavimus,
1512 4520 1574 4580 ianr

486 4619 609 4679 smnus
630 4619 663 4680 in
684 4620 808 4682 brevius
831 4622 1066 4684 contrahamnss
1100 4642 1161 4703 qua
1188 4641 1223 4685 re
1245 4642 1408 4705 speramus
1429 4625 1572 4686 intusum
