3775 5442
482 650 547 717 ΠΒ
804 645 891 711 liter
911 644 1032 722 prieur.
1072 640 1175 703 Sentio
1195 640 1245 701 Vl.

481 827 594 905 :ponta
613 817 723 900 prodit
742 817 949 898 noporlllnttc
970 815 1078 886 notio;
1104 813 1306 893 dxv-autam
1326 809 1472 892 qnonlrm
1493 812 1569 874 bina

482 924 642 1004 coniungit
664 911 779 1005 (ipre)
801 921 973 995 mente,
1000 934 1132 999 quorum
1154 914 1280 977 tarmlol
1300 932 1364 977 uon
1385 920 1458 977 runt
1478 921 1567 977 certo

480 1026 650 1107 domimi,
671 1023 768 1087 voluti
784 1032 825 1087 ex'
839 1042 875 1085 ee
891 1021 1001 1104 penult
1015 1012 1056 1083 τὸ
1070 1011 1200 1105 ἄρτιον.
1243 1017 1329 1080 Fieri
1344 1017 1441 1098 igitur
1450 1024 1567 1098 poteri,

481 1140 518 1197 al
538 1123 578 1211 τὸ
600 1125 720 1214 ἄρτων
740 1127 797 1190 καὶ
818 1119 859 1190 τὸ
881 1130 1040 1212 uipereor
1056 1123 1127 1185 iere
1143 1121 1228 1183 idem
1242 1120 1461 1201 rignidcorerit
1475 1120 1568 1200 quod

482 1228 523 1301 τὸ
550 1235 655 1316 πέρας
682 1229 740 1292 καὶ
769 1220 919 1312 ἄπειρον.
962 1226 1055 1307 Quod
1075 1227 1103 1288 ai
1123 1242 1197 1287 rere
1218 1223 1422 1299 coniminum,
1451 1224 1567 1304 eyn·-

482 1339 573 1420 poroi
600 1353 658 1415 pro
686 1348 744 1397 ooo
772 1329 1010 1393 matlrernoticoe
1043 1328 1173 1393 rationie
1206 1345 1315 1389 amore
1341 1328 1472 1389 eandem
1499 1346 1568 1388 rern

483 1439 599 1520 duplici
620 1434 716 1499 modo
737 1451 838 1511 eoque
850 1434 1021 1515 prullulum
1033 1432 1156 1495 direrao
1168 1431 1376 1511 derlgaarunt.
1419 1431 1567 1493 litteetc-

481 1550 536 1607 tnr
555 1541 648 1605 huiua
667 1535 855 1615 ruepiclouie
875 1537 1038 1599 veritotern
1058 1534 1245 1599 Ariatoteleo
1267 1533 1361 1614 Plryc.
1377 1532 1429 1597 ill.
1442 1534 1474 1595 4.
1506 1533 1567 1613 Py-

482 1647 652 1728 tlaqoreor
673 1656 810 1703 rrarrrrr¹
830 1632 871 1701 τὸ
893 1630 1033 1722 ἄπειρον
1060 1638 1266 1718 appellavisse
1291 1628 1332 1699 τὸ
1360 1628 1493 1719 dorcon:
1527 1636 1570 1697 ad

483 1767 576 1829 quem
597 1747 702 1811 locun
722 1742 852 1811 loruuea
872 1741 1083 1821 Philoponuor
1109 1731 1150 1802 τὸ
1163 1738 1199 1802 dd
1212 1730 1350 1821 ἄρτιον,Ι
1369 1739 1486 1818 lnquit,
1509 1742 1570 1817 τῆς

484 1847 530 1913 ἐπ’
538 1841 677 1934 ἄπειρον
705 1847 812 1926 τομῆς
839 1837 951 1907 αἴτιόν
978 1845 1075 1905 ἐστιν.
1127 1840 1204 1903 cum
1231 1842 1281 1903 hia
1309 1842 1455 1905 conferor
1475 1844 1570 1905 ellam

482 1953 605 2021 Theon.
626 1949 748 2027 Smyra.
770 1944 838 2009 lt.
860 1951 893 2007 et
914 1943 1079 2007 liodtldum
1100 1943 1373 2007 canonicalia,
1418 1947 1570 2027 Quocircc

482 2055 550 2119 lm,
571 2052 612 2115 ad
641 2048 769 2111 tertium
803 2048 883 2110 illud
915 2047 1150 2128 progredimur,
1186 2048 1269 2126 qnod
1295 2055 1425 2112 vocatur
1451 2049 1488 2114 ἓν
1511 2051 1569 2112 καὶ

483 2156 641 2240 »ιλῆθοςκα
689 2152 799 2230 Neque
827 2150 911 2211 enim
939 2154 1097 2213 lnoramur
1128 2150 1290 2213 Petereeni
1317 2152 1482 2226 iudicium,
1516 2153 1570 2231 qui

484 2256 696 2337 Chryeippeae
722 2253 945 2332 Philoaoplriae
972 2253 1123 2316 Fundam.
1153 2270 1185 2333 p.
1199 2255 1251 2315 12.
1279 2258 1409 2334 aequale
1429 2256 1515 2319 latud
1536 2264 1571 2316 et

483 2362 662 2440 iooequole,
694 2357 778 2437 qood
808 2355 998 2437 Pythagorei
1017 2357 1159 2420 recondo
1172 2359 1400 2439 principiorum
1419 2362 1491 2424 loco
1513 2379 1571 2440 po-

483 2468 631 2538 suerunt,
663 2462 703 2524 oo
730 2460 903 2525 Aristotele
928 2461 961 2523 in
989 2461 1168 2539 quontitatlr
1196 2462 1357 2524 notionem
1385 2481 1571 2525 conversum

483 2567 663 2635 erbitratur.
681 2619 683 2622 .
706 2564 836 2651 Quippe·
852 2563 964 2625 eodem
979 2563 1040 2625 ille
1051 2563 1120 2626 iure
1135 2583 1173 2626 ex
1184 2566 1303 2627 nullate
1315 2570 1349 2628 et
1360 2564 1570 2639 multitudine,

484 2689 565 2751 quae
585 2669 733 2748 deincepe
754 2666 917 2741 adiicitur,
939 2666 1120 2745 quantitati·
1135 2667 1286 2731 rationem
1300 2667 1404 2748 potuit
1412 2673 1570 2748 repetere,

483 2774 568 2837 unde
587 2778 691 2833 tamen
713 2768 895 2833 Peteroenio
918 2768 1043 2831 ridetur
1063 2771 1229 2851 qualitatle.
1241 2771 1375 2834 sormam
1395 2759 1583 2835 eilluxirrer

484 2876 569 2955 quod
590 2895 641 2939 me
661 2874 765 2936 iateor
786 2873 873 2935 nullo
894 2871 989 2936 modo
1009 2872 1187 2954 intelligere
1199 2875 1266 2954 ‚qrd-
1281 2875 1569 2956 lieriitrpotuerit.

483 2979 587 3063 Multo
608 2977 767 3063 lculentlua
789 2976 1014 3051 coercuerim,
1036 2996 1075 3039 ox
1096 2977 1218 3056 aequali
1238 2984 1272 3039 et
1295 2978 1449 3059 inaequali
1470 2982 1509 3042 ab
1531 2999 1570 3043 eo

484 3084 608 3144 ductam
630 3097 700 3141 eree
721 3079 880 3157 quelitatia
902 3079 1055 3157 apeciern‚
1078 3081 1161 3158 quod
1184 3089 1271 3144 certe
1289 3066 1416 3162 egregie
1427 3084 1572 3145 convenit

484 3203 555 3248 oum
576 3182 754 3243 narratione
776 3198 902 3252 eorum,
924 3182 978 3258 qui
998 3180 1201 3245 Aristotelem
1223 3185 1449 3264 perhibuerunt
1466 3186 1498 3246 iu
1520 3205 1573 3246 ca·

484 3284 614 3364 tegoriio
634 3283 701 3344 auia
724 3281 951 3343 conatiluendio
972 3282 1012 3343 ao
1030 3284 1170 3365 Arulryta
1191 3287 1360 3351 Tarentino
1379 3290 1420 3350 de
1433 3288 1495 3350 hoc
1507 3306 1572 3372 uuo

485 3385 688 3459 (lucentiore,
703 3400 706 3405 ·
720 3384 812 3464 qood,
832 3385 996 3462 quantitati
1024 3388 1196 3464 proximum
1223 3411 1245 3452 a
1270 3392 1441 3454 subeuntia
1467 3392 1573 3454 locum

485 3487 732 3563 tribueritqnon
754 3487 911 3566 qualitati,
944 3491 980 3548 nt
1000 3488 1162 3571 Archytae
1198 3494 1258 3573 ¹vid.
1281 3493 1428 3559 Vooolum
1450 3494 1490 3555 de
1511 3492 1575 3556 Lo·

485 3590 571 3668 picea
593 3597 626 3651 et
647 3590 969 3660 Rhetor.·Gouotltut.
989 3609 1021 3671 p.
1037 3593 1089 3655 28.
1133 3596 1197 3659 Sed
1212 3597 1354 3659 nolumus
1375 3599 1416 3658 de
1435 3597 1486 3660 lrle
1509 3596 1575 3658 dia-

486 3697 613 3771 ceptora
634 3692 762 3755 diutiur.
805 3692 969 3772 Pergimur
996 3695 1038 3756 ad
1064 3689 1104 3761 τὸ
1127 3698 1161 3762 ἓν
1183 3699 1240 3761 καὶ
1262 3699 1412 3777 πλῆθος.
1453 3700 1574 3777 loquo

487 3793 612 3874 qudem
640 3812 733 3858 acmo
762 3802 811 3858 cat
831 3797 906 3876 quin
926 3797 1029 3877 primo
1050 3801 1156 3865 utinm
1178 3804 1293 3865 obtutu
1313 3802 1435 3874 odeat,
1458 3792 1575 3880 quant·

486 3916 557 3960 cum
585 3897 724 3962 Plutonia
756 3903 878 3964 ratione
905 3899 1077 3964 similitudo
1111 3913 1264 3967 cernatur.
1323 3906 1513 3983 Quamquam
1540 3902 1574 3963 in

485 4021 606 4066 arrmma
626 4002 831 4069 aimililurliue
850 4004 945 4065 eliam
968 4001 1189 4071 dioaimllltudo
1210 4009 1316 4071 iocum
1329 4007 1424 4069 liciat
1445 4005 1575 4067 minime

486 4104 607 4185 exiguo,
651 4106 729 4169 Nam
750 4126 769 4168 a
790 4106 992 4187 Pythagoreis
1025 4099 1064 4170 τὸ
1094 4110 1233 4190 πλῆθος
1260 4111 1431 4173 subiectum
1454 4114 1504 4169 eet
1525 4110 1576 4189 oq*

487 4203 630 4289 ἀπείρῳ,
652 4203 692 4272 τὸ
714 4213 750 4273 ἓν
770 4208 875 4282 eutem
897 4228 967 4271 cum
989 4210 1038 4291 τῷ
1058 4210 1178 4295 πέρατι
1199 4213 1419 4277 conaccictum.
1462 4209 1496 4269 ln
1512 4229 1576 4288 quo

486 4308 648 4375 Plutonem
670 4317 790 4375 tautum
812 4312 943 4375 tidlmua
966 4314 1160 4395 discrepare,
1191 4322 1229 4378 ut
1245 4314 1327 4380 nihil
1348 4330 1443 4395 cupra
1463 4312 1574 4392 poerit.

487 4410 545 4475 llle
574 4416 656 4477 enlm
682 4415 716 4477 in
742 4414 838 4477 relcur
867 4412 962 4477 linitio
990 4416 1141 4479 unltrtem
1170 4426 1262 4501 atque
1289 4425 1391 4484 totum
1419 4421 1577 4477 enatura

488 4515 630 4591 dolente,
652 4517 883 4579 multitudinem
904 4522 998 4595 atque
1018 4525 1124 4597 parter
1152 4539 1170 4581 e
1192 4530 1297 4584 mutuo
1318 4523 1399 4584 liniti
1421 4532 1447 4580 e'
1463 4518 1576 4580 luliulti

487 4618 704 4682 coniunctione
732 4624 765 4681 et
790 4604 1178 4705 necmitudloe'ropetilt
1221 4625 1285 4689 Sed
1306 4626 1370 4689 hoc
1391 4641 1575 4706 quemquem
