3775 5442
667 665 750 728 biber
771 672 889 745 primus.
934 672 1043 734 Sentio·
1057 624 1110 734 iis*
1375 672 1417 747 iti

318 840 419 900 Scato
452 838 615 920 Empirico
650 847 873 918 memorantur,
917 844 950 905 id
984 847 1067 924 quod
1102 846 1231 929 aiogruis
1270 852 1416 935 deinceps

318 943 397 1003 incia
423 942 719 1007 demonstrabimus.

406 1044 530 1107 Sunt
523 1044 599 1107 r'cro
627 1048 688 1110 tria
718 1048 847 1110 maxime
875 1066 990 1127 genera
1025 1050 1267 1127 dubitationum,
1303 1056 1414 1133 quibua

315 1149 547 1224 Parmenides,
591 1150 643 1227 qui
679 1150 749 1211 dein
779 1150 912 1214 Zenonis
947 1151 1017 1213 ioco
1045 1160 1149 1233 partes
1183 1154 1414 1221 interlocutoria

314 1252 473 1331 suscipit,
511 1248 650 1312 idebrum
688 1254 859 1315 doctrinam
893 1255 1028 1333 graviter
1054 1255 1220 1335 impugnat.
1254 1258 1412 1323 'Primum

315 1355 403 1415 euim
429 1352 548 1433 ambigi
570 1354 667 1415 licere
689 1357 746 1430 eit,
770 1374 896 1435 quarum
911 1374 1014 1416 rerum
1027 1354 1118 1418 'ideae
1134 1365 1240 1419 extare
1258 1364 1413 1440 putandae

315 1456 399 1516 siut:
434 1454 551 1515 deinde
572 1456 735 1517 obscurum
760 1461 1035 1533 arbitraturesse,
1058 1477 1185 1537 quanam
1197 1464 1413 1528 coniunctione
1526 1510 1532 1535 .

316 1564 349 1617 et
374 1557 613 1620 necessitudine
634 1577 685 1621 rea
708 1561 933 1641 adspectabiiea
955 1580 1024 1622 cum
1046 1561 1128 1622 ideis·
1141 1544 1187 1622 rei
1210 1569 1299 1626 et'anr
1326 1570 1413 1648 ipsae

316 1660 413 1721 ideae
441 1661 528 1722 inter
554 1680 589 1722 ae
617 1665 847 1725 contineantur.
887 1665 1021 1742 deniqne
1041 1666 1159 1744 species
1185 1665 1276 1742 istas,
1305 1671 1411 1747 quaiea

317 1762 471 1825 Sem-ates
493 1768 634 1827 staturere
662 1766 817 1842 videatur,
851 1775 945 1848 negat
972 1766 1038 1859 uiio
1058 1767 1156 1829 modo
1176 1768 1224 1828 'ab
1237 1769 1412 1834 hominibus

318 1870 430 1927 ruente
459 1842 591 1948 pebeipi
615 1872 708 1948 posse
735 1872 829 1949 atque
858 1850 1012 1949 inteiiigi:
1052 1869 1138 1946 Quae
1164 1873 1293 1933 omnia·
1289 1882 1413 1953 operae

323 1968 458 2046 pretinm
483 1976 533 2032 eat
552 1971 658 2050 paullo
680 1975 849 2035 accuratim
863 1977 1053 2061 cognoscere
1074 1979 1106 2033 et
1118 1973 1233 2049 ridere,
1253 1962 1414 2109 quomo'dd

321 2088 341 2129 a
365 2070 550 2134 Parmenide
570 2073 724 2136 illustrata
746 2077 816 2138 sint
994 2088 997 2092 '

408 2172 511 2237 natta
538 2175 636 2257 igitur
663 2176 799 2240 Socratis
821 2179 963 2242 oratioue
985 2178 1112 2240 biieat'ea
1140 2180 1406 2243 adoieaccntqum

320 2277 462 2358 captiose
488 2278 679 2361 interrogat,
715 2280 795 2342 sitne
816 2280 977 2342 reversio
1006 2301 1042 2341 ea
1064 2281 1226 2362 opinione,
1257 2293 1292 2345 nt
1313 2298 1406 2364 quom

320 2380 445 2461 spedas
466 2400 569 2443 rernm
592 2383 749 2445 absolutas
771 2392 876 2446 extare
898 2383 1071 2457 existimet,
1095 2384 1187 2445 etiam
1211 2404 1314 2445 rerum
1337 2407 1406 2449 cor-

320 2500 505 2564 porearum,
539 2485 638 2548 veluti
666 2484 745 2567 ignis
767 2492 800 2547 et
828 2490 954 2567 aquae,
976 2492 1101 2547 aeterua
1127 2488 1312 2568 exemplaria
1342 2497 1405 2550 sta-

321 2587 439 2648 tuenda
468 2606 538 2649 ease
561 2587 743 2651 arbitretur.
797 2589 844 2651 Ad
868 2596 958 2668 quam
981 2588 1106 2670 quidem
1127 2588 1408 2671 interrogationem·

321 2690 376 2751 iiie
398 2690 446 2752 aic
466 2690 651 2777 respondet,
672 2697 713 2779 ¹ut
733 2710 804 2753 sese
825 2693 925 2754 iibere
944 2690 1130 2772 profiteatur
1150 2709 1244 2772 saepe
1265 2713 1302 2755 ac
1325 2698 1406 2758 moi«

320 2800 389 2855 tum
417 2812 456 2854 ea
483 2792 522 2854 de
548 2810 583 2853 re
605 2792 819 2869 dubitavisse,
854 2814 947 2874 quum
973 2793 1018 2852 ita
1041 2792 1133 2853 etiam
1155 2795 1274 2874 capitii,
1304 2788 1404 2878 coeni,

320 2894 403 2965 iuti,
426 2894 551 2954 aiiarnna
571 2913 673 2956 nrum
692 2895 926 2970 vilissimarum,
948 2894 1073 2975 species·
1088 2900 1195 2953 extare
1213 2895 1404 2974 largiendum

321 2996 486 3070 viaeatur,
520 2996 550 3057 u
577 2998 659 3079 quon
693 2980 711 3058 ι’
740 3016 844 3061 rerum
873 2998 1044 3060 nonnarum
1072 2994 1223 3074 dignitate
1253 3014 1288 3056 n
1314 3016 1405 3077 pne

341 3100 441 3161 tantia
474 3099 576 3181 utique
605 3101 781 3164 abhorreat.
835 3088 955 3179 Quibus
983 3098 1096 3160 auditis
1117 3098 1312 3178 tamen-ipae
1331 3099 1408 3161 Pa'r-

281 3122 464 3267 ‘oenidea
485 3203 656 3283 captionem
677 3204 767 3267 iatam
788 3206 856 3286 ipse
877 3203 1047 3266 discutiens
1069 3209 1161 3282 atque
1180 3203 1282 3263 iuveni
1301 3202 1408 3264 baeaii

321 3308 402 3369 tanti
424 3314 458 3369 et
477 3308 509 3368 iu
531 3324 636 3368 rerum
664 3290 971 3371 commemoratarum
994 3307 1042 3368 rei
1063 3292 1183 3368 vilitate
1200 3307 1250 3367 rei
1266 3304 1407 3386 tirrpitu⁴

322 3411 396 3471 diue
423 3410 610 3472 offendenti!
657 3408 808 3472 Nimirum
841 3409 959 3471 iuvenis
991 3410 1093 3471 adhuc
1120 3428 1171 3486 es,
1206 3428 1226 3469 o
1260 3407 1403 3484 Socrate,

322 3512 440 3593 iuquit,
462 3514 592 3575 necdum
613 3512 987 3593 philosophiaestudium
1014 3512 1058 3574 ita
1086 3511 1244 3591 occupavit
1270 3512 1403 3574 animum

322 3626 428 3691 tunm,
450 3624 485 3678 ut
505 3636 642 3698 auguror
663 3616 825 3696 aliquando
848 3633 917 3676 esau
938 3614 1086 3676 iuturum.
1130 3614 1199 3692 Quo
1218 3613 1301 3675 iacto
1325 3615 1403 3677 nibii

323 3721 490 3802 quidquam
512 3721 645 3782 istorum
661 3724 855 3792 contemnes,
879 3734 957 3796 quiae
977 3736 1057 3778 nunc
1072 3717 1128 3778 tibi
1146 3715 1230 3796 voigi
1242 3717 1403 3797 opiniones
1540 3785 1541 3788 Ἴ

322 3824 425 3885 adbuc
451 3823 633 3903 amplexanti
662 3821 751 3883 nihili
778 3820 968 3882 aestimanda
995 3820 1147 3881 videntur.
1195 3818 1281 3880 Haec
1307 3819 1404 3909 igitur

323 3926 524 3990 Parmenides
536 3926 589 4006 ⁴¹),
612 3925 664 4005 qui
686 3926 736 3987 bia
756 3923 923 3984 enuntiatis
940 3923 1044 3984 statim
1059 3923 1098 3983 ad
1113 3923 1172 3983 aiia
1193 3921 1402 4001 progreditur,

324 4048 402 4110 quae
424 4028 564 4092 idearum
587 4029 757 4090 doctrinam
779 4026 870 4087 etiam
891 4026 990 4087 inuito
1012 4024 1224 4087 vehementius
1238 4024 1403 4086 rideantur

324 4132 521 4196 labefactare.
574 4132 636 4194 Sed
664 4137 825 4209 autequam
838 4133 842 4151 '
855 4129 900 4190 ad'
920 4129 975 4190 iila
1005 4129 1175 4190 enarranda
1211 4128 1401 4201 accedamus,

324 4237 362 4297 de
383 4236 446 4300 boe
467 4236 536 4298 ioco
558 4236 631 4315 quid
652 4233 847 4297 statuendum
866 4232 923 4307 ait,
945 4229 1051 4312 paucis
1074 4220 1282 4312 quaerendum
1301 4234 1359 4290 eat.

407 4339 502 4420 Quod
533 4338 627 4418 igitur
654 4336 810 4399 Socrates
824 4335 886 4399 boc
914 4335 983 4397 ioco
1012 4334 1149 4410 dubitat,
1184 4339 1287 4394 utrum
1309 4331 1402 4392 etiam

322 4458 427 4503 nrum
461 4440 603 4527 tnrpirup·
627 4438 719 4521 atque
749 4438 1040 4503 contemnendarum
1061 4437 1151 4501 ideae
1171 4441 1277 4496 extare
1298 4434 1402 4496 existi-

323 4577 529 4587 --——---

390 4664 411 4727 'i
430 4659 461 4711 ι.
481 4656 546 4710 ano.
565 4648 715 4712 u·-c.····
858 4670 861 4677 ·
911 4650 915 4659 ’
