3775 5442
343 722 351 741 .
482 640 546 713 lto
813 641 900 706 Liber
920 645 1041 723 primae.
1083 642 1185 707 deotio
1206 646 1241 708 ν.

482 818 630 892 dicimna,
646 815 683 877 in
704 815 847 878 obuoluta
865 816 939 878 idee
959 832 1023 880 non
1043 823 1151 899 poteet
1171 820 1307 898 aecem,
1328 819 1451 884 mihoo
1463 819 1569 901 potiee

481 918 532 985 eet
544 921 722 1002 proprium,
744 920 828 998 qnod
844 927 894 980 ort
909 927 1037 983 aeterna
1049 923 1199 1001 nulloque
1214 924 1392 988 dhcdmine
1406 930 1568 1004 perpetue.

482 1027 635 1106 Qnoeiree
656 1040 780 1084 aeneum
803 1042 929 1099 eorum,
960 1042 1093 1105 queo-p.
1107 1025 1286 1091 152.Α,-
1299 1028 1336 1091 Β.
1360 1027 1568 1109 disputantur,

481 1129 564 1192 hanc
585 1145 656 1190 eaee
676 1125 791 1204 liquet:
817 1124 925 1201 idcea,
947 1126 977 1188 ai
993 1127 1123 1189 relative
1137 1147 1208 1191 eoae
1221 1137 1395 1209 ponuntur,
1416 1132 1568 1209 temporie

481 1249 557 1313 prea
577 1249 613 1292 ee
634 1229 742 1290 ierunt
763 1227 1021 1309 erumpentium
1048 1230 1098 1292 ain
1119 1238 1283 1294 comuntur
1304 1251 1374 1296 esee
1395 1235 1568 1309 absolutae,

480 1352 606 1415 eemper
625 1332 751 1395 eiirimet
772 1329 848 1411 ipaia
869 1351 978 1412 parem
998 1332 1116 1394 habent
1136 1339 1279 1398 eatetern.

481 1468 484 1473 ·
565 1438 666 1500 Porro
694 1434 843 1511 docetur,
877 1455 973 1497 uuum
1001 1435 1095 1497 etiam
1121 1455 1191 1499 eum
1219 1439 1333 1524 ceteria
1355 1458 1392 1501 ee
1413 1439 1568 1501 contineri

480 1538 727 1613 necessitudine,
751 1545 788 1600 ut
807 1539 856 1600 rei
878 1556 987 1600 eorum
1009 1544 1142 1600 eetetam
1163 1540 1343 1620 pieaieaima
1363 1560 1497 1623 eequara
1517 1543 1567 1605 rel

479 1645 590 1708 iiadem
612 1643 711 1704 maiae
733 1646 827 1721 etqua
847 1643 950 1704 minua
972 1647 1075 1704 rateto
1096 1660 1166 1704 aeae
1183 1644 1360 1724 etque-lieri
1370 1645 1569 1707 indicendum

479 1750 532 1813 eit.
576 1746 729 1827 Quocirca
748 1744 875 1807 Eleates
896 1745 1030 1824 primum
1053 1745 1207 1822 oetendlt,
1231 1765 1326 1809 unum
1340 1750 1452 1810 eeterie
1466 1753 1570 1809 aetate

479 1852 579 1915 maiua
608 1866 697 1922 cenet
732 1845 861 1920 deinde,
895 1844 977 1907 idem
1000 1848 1113 1910 ceteris
1135 1868 1206 1911 caea
1226 1851 1406 1929 poateriua3
1432 1850 1570 1931 denique

480 1955 611 2017 eendem
633 1950 777 2013 obtinere
797 1949 881 2009 inter
902 1953 1035 2028 utreque
1054 1951 1208 2030 temporie
1224 1951 1389 2016 retionem.
1431 1953 1479 2015 De
1500 1953 1570 2034 qul.

479 2058 539 2121 bna
560 2053 690 2135 aingnlle
712 2051 823 2112 ordine
844 2050 993 2131 deinceps
1015 2051 1162 2116 dloamoa.
1434 2105 1437 2110 .

564 2159 673 2236 ltaque
700 2154 835 2235 primum
866 2153 981 2216 evincit
1007 2154 1209 2220 Parmeniden
1238 2176 1333 2221 annm
1361 2158 1475 2222 ceterie
1497 2176 1569 2221 ceae

478 2262 566 2346 prino
588 2266 681 2341 etque
702 2257 800 2319 meiua
822 2262 934 2320 rateto.
978 2257 1071 2336 Quod
1085 2259 1210 2339 quidem
1225 2261 1269 2322 ite
1283 2261 1412 2341 probet,
1434 2267 1471 2324 ut
1483 2261 1569 2342 quoti

478 2383 574 2430 anum
596 2362 652 2440 eit,
674 2359 851 2425 omorio
872 2360 1072 2423 multitudine
1098 2363 1185 2443 priua
1214 2382 1285 2427 erae
1306 2365 1427 2427 docent
1469 2365 1568 2427 Nimi-

478 2488 549 2531 rum
570 2485 622 2531 rea
644 2468 702 2529 aab
724 2465 833 2527 ccuioa
855 2463 1014 2526 coniectae
1035 2471 1109 2527 eunt
1126 2457 1263 2552 ἄπειρα,
1284 2467 1420 2530 eioutiin
1434 2467 1568 2531 Philebo

478 2572 691 2653 appellentur,
718 2568 853 2648 ideoque
875 2568 1035 2648 quaelibet
1055 2568 1127 2630 idea
1146 2569 1180 2631 in
1200 2569 1239 2632 ile
1265 2570 1386 2632 infinita
1409 2571 1495 2650 queei
1516 2589 1568 2632 re·

344 2660 352 2677 ⁸
477 2676 577 2758 petite
606 2674 753 2737 cernitur.
801 2671 845 2733 At
871 2669 955 2732 anim
984 2688 1060 2733 vero
1092 2689 1129 2735 ea
1155 2671 1235 2734 idcio
1262 2692 1367 2735 rerum
1394 2674 1568 2753 primordie

479 2778 620 2843 ducende
640 2782 728 2852 aunt,
751 2773 1001 2855 quendoquidem
1022 2774 1083 2837 irae
1103 2775 1172 2838 eine
1189 2775 1312 2837 illerum
1326 2777 1356 2837 vi
1368 2783 1567 2858 apricante

478 2901 541 2946 non
563 2885 732 2962 potuerunt
752 2879 785 2941 in
807 2877 953 2940 ordinem
975 2877 1077 2958 digeri
1090 2879 1439 2960 etlcgitimeoomponi.
1482 2883 1567 2960 Quo·

479 2987 561 3048 circa
586 2986 673 3046 ideea
699 2983 796 3043 relua
819 2981 1082 3062 adapeotelriiibua
1110 2982 1211 3061 ilaque
1232 2982 1328 3045 linitio
1350 2984 1473 3064 priorca
1496 3002 1567 3048 eeac

478 3106 608 3171 proraua
630 3090 680 3147 eat
701 3089 953 3146 consentaneum.
994 3085 1100 3163 Atque
1119 3085 1203 3145 idem
1224 3085 1318 3165 plana
1335 3087 1438 3150 velere
1453 3087 1485 3148 ln
1499 3093 1566 3148 tote

476 3206 583 3252 nerum
604 3185 819 3259 universitate,
842 3190 993 3264 quatenus
1015 3204 1053 3247 ae
1074 3186 1230 3267 cogitetur
1257 3189 1298 3251 ad
1318 3190 1426 3252 mundi
1447 3190 1566 3271 nogiu-

477 3291 551 3355 bilia
573 3287 747 3367 exemplum
767 3303 839 3347 eeao
861 3289 1048 3368 compoaltn,
1069 3307 1133 3350 noa
1154 3296 1204 3352 eat
1226 3293 1312 3371 quod
1333 3294 1522 3357 dubitemne.

562 3391 651 3454 lieet
664 3396 768 3452 temen
780 3391 873 3453 etiem
888 3408 925 3452 ex
940 3392 1096 3454 contrario
1113 3395 1319 3472 contendere,
1341 3415 1436 3459 unum
1452 3397 1565 3459 ceterie

478 3514 550 3559 eaeo
570 3495 737 3577 pooteriua.
784 3493 863 3557 Nam
889 3494 918 3559 ai
939 3514 1037 3556 unum
1057 3496 1100 3556 ite
1121 3496 1341 3580 intelligimua,
1363 3507 1400 3561 ut
1421 3505 1566 3580 tenqam

476 3604 579 3661 totum
608 3597 765 3677 quotidem
796 3616 919 3662 ornnem
947 3601 1173 3680 complectetur
1193 3621 1299 3664 rerum
1321 3603 1565 3679 nnivenitetem,

399 3749 405 3766 .
477 3701 709 3766 concedendum
730 3700 838 3779 utique
860 3710 926 3780 eet,
955 3702 1035 3766 iilud
1057 3704 1127 3766 lieri
1147 3724 1210 3767 non
1237 3707 1378 3786 potuitne
1407 3706 1480 3786 quin
1506 3724 1564 3785 po-

477 3813 596 3870 etremo
623 3804 847 3867 ebeolveretur.
898 3807 1023 3869 Etenim
1053 3826 1147 3888 quum
1176 3809 1248 3871 ider
1268 3810 1313 3871 ite
1334 3809 1458 3872 dam-
1480 3808 1565 3869 omoi

477 3929 515 3971 er
535 3914 625 3990 perte
645 3907 741 3969 veluti
765 3908 965 3989 perficietur,
987 3911 1015 3972 ai
1035 3917 1163 3973 externa
1184 3912 1252 3974 eiua
1273 3913 1376 3994 imago
1396 3911 1432 3973 in
1446 3910 1564 3974 mundo

477 4012 681 4094 edapeotaitiii
702 4031 848 4093 expreeaa
869 4019 1062 4093 comporeet,
1085 4014 1144 4076 ineo
1166 4016 1292 4094 quidem
1313 4017 1435 4077 reticne
1456 4015 1565 4076 dicere

476 4117 599 4193 liceirit,
623 4134 718 4177 unum
739 4135 810 4179 eaae
831 4123 1024 4197 poetremum
1045 4136 1152 4178 rernm
1174 4119 1327 4192 omnium,
1349 4125 1386 4181 ut
1401 4118 1486 4198 quod
1498 4118 1565 4183 ain-

458 4224 548 4305 ·gula
569 4227 662 4300 etqua
683 4225 791 4282 cuncte
812 4221 842 4281 vi
864 4227 898 4283 et
918 4225 1028 4282 nature
1049 4240 1105 4283 aua
1127 4223 1390 4301 complectatur*

560 4325 689 4400 lieetnt,
710 4327 747 4384 nt
767 4325 962 4402 exquiramna
984 4323 1112 4386 tertium
1134 4332 1360 4407 argumentum,
1383 4343 1444 4405 qao
1467 4343 1564 4389 uuunr

446 4503 449 4507 ¹
476 4429 590 4490 ceteris
618 4445 677 4489 nec
704 4428 860 4507 posteriue
882 4445 954 4489 eaeo
975 4444 1035 4488 neo
1063 4429 1149 4508 priua
1172 4431 1411 4493 demonstretur.
1454 4429 1564 4492 Enim-

475 4549 550 4591 vero
579 4529 838 4610 quemadmodum
863 4529 895 4590 in
926 4532 1140 4612 superioribus
1162 4552 1258 4595 unum
1280 4552 1338 4613 pro
1360 4533 1460 4609 veria,
1483 4551 1564 4611 quea

475 4633 535 4716 ipai
557 4654 626 4698 cum
648 4637 759 4699 celeria
781 4633 1007 4714 intercedunt,
1028 4636 1260 4700 neoeeeltueiina
1278 4637 1374 4700 etiam
1388 4640 1505 4702 veriam
1526 4654 1563 4696 ac

1338 4918 1350 4959 i
