3775 5442
469 598 533 692 iffi
765 549 1025 687 lalier·secnndus.
1070 623 1171 688 Sectis
1194 627 1244 692 lli,

468 819 571 863 veram
592 805 770 880 rectamque
791 799 954 880 pervenire
981 797 1138 882 studuerit
1158 798 1318 860 scientiam
1342 804 1374 858 et
1397 799 1548 880 cognitio-

469 924 550 978 nem,
572 904 604 964 el
625 904 793 966 tenendum
815 909 864 965 est
884 919 1010 981 semper
1031 908 1064 962 et
1084 901 1199 980 ubique
1220 903 1308 976 iliud,
1331 904 1414 982 quaed
1433 904 1474 978 il,
1497 904 1551 983 qui

380 1075 385 1084 x
470 1009 510 1069 de
530 1025 636 1068 rernm
655 1012 764 1067 natura
786 1006 1021 1085 quaesiverunt,
1047 1010 1167 1066 temere
1195 1007 1412 1086 neglexerunt,
1448 1025 1551 1085 neque

470 1130 564 1172 unum
586 1128 656 1172 esse
677 1109 744 1171 sine
766 1108 974 1181 multitudine,
997 1126 1054 1168 uec
1074 1107 1172 1168 multe
1193 1110 1261 1170 sine
1283 1110 1418 1170 nullate:
1442 1128 1549 1171 rernm

469 1221 571 1275 autem
593 1212 816 1274 individuarum
838 1211 976 1272 rationes
998 1210 1038 1273 ad
1059 1211 1199 1273 idearum
1221 1214 1282 1274 vim
1313 1212 1428 1273 relerri
1457 1231 1551 1292 opor·

468 1325 545 1378 tere
589 1314 667 1376 Nem
695 1317 740 1376 lta
765 1319 886 1375 uotum
917 1315 987 1375 lieri
1015 1320 1136 1394 polest,
1165 1322 1201 1378 ut
1232 1318 1361 1378 scientia
1388 1318 1489 1396 aliqua
1518 1322 1551 1378 et

468 1418 604 1498 cognitio
626 1419 717 1481 nobis
739 1417 888 1498 obtingat.
916 1415 996 1478 Vani
1017 1425 1090 1481 sunt
1111 1425 1215 1481 aulem
1237 1420 1374 1494 Eristlci,
1398 1421 1451 1500 qul
1471 1420 1552 1482 hanc

468 1523 652 1583 sententiam
675 1527 815 1583 nostrum
837 1520 955 1599 argutis
977 1520 1282 1600 interrogatiunculis
1311 1526 1496 1603 perturbare
1518 1529 1552 1584 et

468 1625 643 1687 convellere
671 1623 814 1685 student:
841 1621 895 1684 isti
924 1624 1018 1698 enim,
1040 1624 1152 1703 quibus
1181 1646 1217 1688 ea
1243 1627 1360 1688 caussis
1386 1633 1420 1689 et
1440 1627 1552 1688 iunda-

468 1729 581 1791 mentis
604 1727 736 1800 nitatur,
766 1744 828 1787 non
850 1725 996 1786 videntur
1017 1730 1232 1806 perspexisse,
1255 1731 1311 1792 aed
1333 1747 1370 1789 ea
1392 1731 1497 1809 potius
1517 1732 1551 1791 iu

469 1832 605 1893 medium
634 1830 822 1902 attulerunt,
852 1845 930 1906 quae
952 1846 1023 1890 eum
1045 1831 1168 1909 quidem
1192 1840 1420 1908 commoveant,
1443 1834 1550 1912 quiin

468 1932 718 2015 philosophsndu
748 1931 851 1991 adhuc
876 1931 1049 1993 tirunculus
1078 1934 1134 2006 sit;
1177 1936 1265 1997 ilium
1294 1943 1395 1996 autem
1424 1935 1551 1997 minime

468 2036 664 2116 perturbent,
687 2033 739 2113 qui
756 2051 816 2113 ope
837 2033 913 2095 ariis
935 2033 1125 2110 dialecticae,
1148 2038 1204 2099 sed
1226 2039 1293 2099 elus
1310 2039 1422 2100 avitiis
1440 2056 1551 2119 repur-

343 2171 345 2176 .
467 2145 559 2220 getae
581 2143 613 2198 et
635 2137 674 2198 ad
696 2137 845 2197 malorem
867 2137 1018 2214 quandam
1042 2139 1267 2218 perfectionem
1289 2143 1439 2216 excultae,
1462 2162 1551 2204 esus-

468 2260 519 2304 sas
539 2260 644 2301 rerum
666 2245 759 2318 atque
780 2238 930 2318 principia
951 2240 1108 2302 subtiliter
1129 2246 1340 2324 pervestigare
1354 2245 1507 2306 didicerit.

553 2345 624 2406 lloc
645 2343 743 2424 igitur
763 2341 858 2403 modo
880 2343 1020 2405 videmus
1042 2364 1061 2404 a
1082 2345 1270 2427 philosopho
1303 2348 1433 2409 artiliclo
1462 2367 1552 2428 pror·

468 2467 521 2511 sus
541 2447 690 2528 singulari
712 2445 745 2508 ld
764 2444 909 2507 ell'eet'nm
930 2466 1018 2522 esse,
1047 2454 1082 2510 ut
1103 2455 1136 2511 et
1156 2450 1295 2512 ideerum
1317 2451 1362 2514 vis
1384 2469 1420 2511 ac
1441 2456 1552 2512 natura

467 2551 675 2632 perspiciatur
695 2566 864 2628 eurumque
884 2567 955 2610 cnm
976 2550 1071 2614 rebus
1092 2553 1355 2634 adspeclsbiiibus
1381 2553 1550 2618 cohaeren-

466 2657 512 2717 tia
532 2657 688 2735 appareat,
711 2657 745 2714 et
765 2652 868 2714 variae
887 2653 1148 2734 philosophorum
1177 2657 1218 2717 de
1243 2676 1346 2720 rerum
1371 2662 1480 2718 natura
1501 2664 1549 2719 at-

468 2777 529 2839 que
562 2757 740 2838 cognitione
775 2756 937 2836 opiniones
972 2760 1034 2820 rite
1067 2762 1223 2824 aestlanari
1253 2761 1383 2842 possint,
1415 2764 1447 2820 et
1472 2779 1548 2823 vero

467 2863 560 2924 etism
584 2860 794 2923 dissolvantur
815 2861 1045 2924 criminationes
1068 2863 1323 2934 adversariorum,
1347 2864 1399 2940 qui
1421 2873 1550 2945 argutae

467 2964 647 3027 dialecticae
683 2981 742 3043 ope
770 2964 804 3025 ld
834 2963 963 3027 eiiioere
990 2966 1197 3042 studuissent,
1231 2971 1266 3026 ut
1300 2966 1367 3027 eius
1396 2969 1551 3031 sententia

466 3069 659 3130 reiutuetur
681 3072 774 3143 atque
796 3068 1033 3130 convelleretur.

552 3169 616 3230 Sed
646 3167 687 3226 de
717 3173 876 3245 postremo
905 3171 982 3249 qnid
1009 3172 1138 3234 iudicari
1171 3177 1332 3253 oporteat,
1375 3175 1550 3238 evidentius

469 3271 563 3333 mam
584 3267 779 3347 intelligetur
798 3272 952 3351 explicato
974 3289 1013 3336 eo
1036 3274 1117 3353 loeo,
1140 3295 1232 3357 quem
1253 3275 1400 3356 deinceps
1425 3285 1550 3360 perire

468 3379 554 3435 ctare
575 3371 802 3438 constituimus.
1004 3362 1012 3384 '
