3775 5442
463 635 527 701 ΙΜ
887 630 1126 695 risuum

465 802 549 871 sitne
577 803 806 869 ἕκαστοντῶν
828 797 954 884 λόγων,
980 795 1064 867 ὥστε
1086 801 1147 881 καλ
1166 799 1241 885 sirei
1261 806 1412 868 τοσαῦτα
1437 802 1550 889 τικμή·

465 931 524 997 ρια
545 903 766 990 παρέχεσθαι,
789 896 887 977 ὅσους
908 927 970 988 περ
992 897 1114 986 λόγους
1135 906 1320 993 γέγραφας,
1342 902 1386 980 ὡς
1406 904 1466 970 οὐκ
1480 909 1551 972 ἔστι

399 1002 598 1087 ηειταλλάτ
633 997 718 1067 οὕτω
747 1003 867 1086 λέγεις,
902 999 924 1084 ἢ
952 1000 1014 1088 ἐγὼ
1042 1001 1103 1069 odas
1131 1000 1251 1090 ὀρθῶς
1272 1003 1551 1089 nasapsoevdciuoe

470 1106 550 1182 Οὔκ,
578 1099 680 1178 άλλά,
709 1096 818 1190 φάναι
845 1098 906 1170 τὸν
929 1101 1085 1185 Ζιγνωνα,
1108 1105 1218 1180 καλῶς
1240 1125 1386 1185 συνηκας
1407 1102 1487 1172 ὅλον
1508 1101 1550 1173 τὸ

465 1204 605 1303 γράμμα
633 1198 843 1287 ὃβοάλεται.
887 1202 1090 1281 Μανθάνω,
1113 1210 1214 1272 εἰπεῖν
1236 1199 1297 1272 τὸν
1320 1203 1502 1294 Σωκράτη,
1525 1191 1552 1271 ὦ

465 1306 677 1392 Παρμενίδη,
707 1299 761 1369 ὅτι
783 1299 900 1387 Ζήνων
927 1301 982 1371 ὅδε
1004 1303 1042 1371 οὐ
1064 1302 1169 1389 μόνον
1191 1312 1231 1398 τῆ
1253 1302 1341 1397 άλλγ
1364 1327 1425 1371 σου
1451 1311 1552 1396 φιλίᾳ

465 1406 625 1531 βράλεται
655 1403 864 1490 ᾠκειῶσθαι,
896 1399 984 1469 ἀλλὰ
1008 1409 1065 1472 καλ
1087 1412 1136 1491 τῷ
1157 1406 1404 1497 συγγράμματι.
1426 1403 1552 1476 ταύτὸν

467 1508 532 1605 γὰρ
556 1515 703 1598 γέγραφε
724 1499 852 1595 τρόπον
880 1501 957 1574 τινά
979 1503 1060 1599 ὅπερ
1082 1504 1138 1587 σά,
1165 1505 1482 1594 μεταβάλλωνδὲ
1463 1515 1553 1595 ημᾶς

467 1795 572 1868 genter
597 1784 780 1864 persequaris
809 1792 896 1857 atque
922 1800 1038 1860 urgeas.
1070 1816 1112 1828 —
1163 1785 1311 1843 ἕκαστον
1336 1786 1404 1845 τάν
1429 1784 1554 1862 λόγων,

467 1905 705 1966 anasspssasnpns
728 1904 848 1956 aarum,
871 1899 947 1961 puos
965 1884 1169 1961 proposuisti,
1192 1891 1500 1962 argententationass‚
1521 1900 1555 1946 ut

468 2011 484 2049 e
506 1988 647 2065 proximis
668 1987 856 2064 intelligitur.
882 1982 1044 2040 Universae
1067 1982 1270 2058 disputationis
1292 1996 1390 2062 partes
1413 2008 1554 2065 quaenam

467 2090 593 2159 luerint,
621 2107 637 2144 e
666 2085 799 2144 Phaedro
827 2103 856 2160 p.
879 2083 1002 2144 MD.
1030 2086 1171 2157 suspicari
1199 2088 1277 2146 lieet.
1321 2087 1398 2148 Toto
1428 2090 1508 2148 coelo
1537 2107 1555 2146 a

359 2251 365 2263 l
466 2206 539 2250 saro
560 2187 710 2246 aberravit
732 2183 857 2244 Procles
878 2182 915 2245 Τ.
939 2183 987 2246 lV.
1009 2202 1037 2261 p.
1062 2188 1130 2243 101.
1154 2197 1184 2243 et
1204 2208 1232 2264 p.
1258 2192 1326 2248 1⁰7.

554 2340 588 2399 P.
612 2340 683 2405 128.
728 2332 813 2411 οὔκ,
835 2333 918 2399 litt
938 2332 1071 2414 φάναι]
1094 2336 1228 2417 Negetur
1250 2340 1407 2398 secundum
1428 2342 1554 2400 iuterro-

467 2442 597 2523 gationis
618 2440 795 2498 membrum:
822 2439 878 2497 hoa
899 2441 978 2496 enim
999 2439 1088 2511 dicit,
1112 2460 1168 2497 non
1183 2441 1274 2515 salso
1295 2442 1480 2516 iudicavisti,
1502 2444 1558 2502 sed

468 2555 525 2602 ete.
547 2545 641 2611 Quam
656 2541 795 2618 loquendi
805 2540 928 2599 formans
942 2540 981 2598 sd
994 2538 1148 2620 Protagor.
1163 2541 1317 2616 paeon).
1339 2541 1490 2619 Rempubl.
1504 2545 1553 2603 ill.

468 2666 498 2722 p.
519 2645 592 2704 4⁰6.
607 2642 641 2704 C.
663 2646 756 2722 Gorg.
778 2660 806 2718 p.
829 2641 902 2700 sto.
917 2640 956 2702 D.
977 2642 1199 2707 illustravimus.

553 2798 595 2878 τῇ
627 2790 715 2874 ἄλλῃ
744 2817 809 2856 aou
835 2796 939 2871 φιλλρ
970 2790 1142 2870 βούλεται
1178 2789 1421 2870 pecuniariam]
1464 2793 1556 2854 Penei

470 2899 553 2963 codd.
576 2899 655 2976 iique
678 2897 836 2957 deteriores
858 2894 965 2953 habent
977 2894 1161 2966 οἰκειοῦσθαι,
1182 2896 1341 2971 quod'non
1362 2916 1497 2956 ueremur
1519 2916 1556 2957 ne

470 3002 535 3077 quis
567 3003 705 3079 vulgatae
733 2997 853 3054 lectioni
881 2995 1102 3072 praeferendum
1131 3000 1276 3056 censeat.'
1317 2994 1450 3056 Socratis
1479 3001 1558 3057 enim

469 3101 542 3159 haee
564 3113 608 3159 est
630 3097 793 3156 sententia:
825 3097 962 3173 intelligo
984 3114 1049 3153 sans
1071 3095 1104 3152 id
1125 3113 1227 3170 agere,
1254 3104 1289 3151 at
1312 3116 1369 3154 non
1391 3096 1463 3157 aliis
1486 3110 1557 3159 tan·

469 3212 532 3260 tam
552 3200 706 3257 amicitiae
728 3195 912 3253 documentis
925 3195 1158 3254 benevolentiam
1174 3205 1256 3251 tesana
1268 3194 1328 3256 aidi
1338 3198 1558 3276 conciliaverit,

469 3299 524 3358 sed
544 3298 667 3356 eandem
689 3298 781 3356 etiam
803 3295 861 3353 leae
882 3297 1047 3374 scriptione
1068 3314 1125 3354 aaa
1147 3295 1206 3353 aidi
1226 3308 1390 3375 conparet.
1432 3298 1559 3360 Fallitur

471 3408 568 3458 antem
580 3396 777 3468 Heindorfins
790 3395 975 3456 scribendum
987 3407 1109 3472 putans:
1130 3396 1164 3477 τῇ
1185 3390 1251 3475 inp
1262 3416 1306 3458 σοι
1316 3404 1400 3478 φιλίᾳ,
1422 3423 1459 3460 ne
1476 3404 1559 3463 aiara-

469 3502 578 3561 οῦσθαι
605 3510 703 3559 eareat
732 3499 832 3561 dativo
860 3517 1011 3575 personas.
1056 3499 1140 3567 Quod
1172 3498 1242 3574 quid
1263 3501 1384 3578 impedit
1405 3508 1557 3580 quominus

471 3605 514 3663 ita
535 3601 597 3674 tint,
620 3620 708 3678 qaum
729 3600 766 3657 ad
788 3597 947 3677 ᾤκιιῦαθαι
966 3619 983 3658 e
1004 3601 1190 3678 praeeedenti
1211 3625 1264 3662 coo
1284 3607 1482 3685 unusquisque
1505 3608 1557 3665 da·

470 3707 564 3763 tirum
584 3721 726 3779 personas
748 3703 886 3763 facillime
907 3700 1044 3778 repetstl

557 3853 788 3934 μεταβάλλων
809 3855 844 3913 dl
865 3851 1027 3932 sipia-J
1057 3854 1207 3914 Zenonem
1228 3857 1328 3935 arguit
1349 3857 1446 3915 cadens
1469 3870 1556 3937 atque

470 3956 672 4015 Parmeniden
686 3955 851 4029 defendere,
874 3966 908 4014 ut
921 3958 984 4015 eius
1005 3956 1138 4016 doctrina
1160 3958 1195 4016 ab
1216 3957 1302 4016 huius
1323 3959 1436 4014 ratione
1459 3961 1558 4018 verbis

469 4067 585 4116 nutum
606 4058 762 4134 discrepet,
784 4077 887 4116 revera
908 4078 975 4117 casu
996 4077 1030 4117 ea
1052 4062 1234 4119 consentiat:
1256 4060 1331 4117 hunc
1347 4060 1423 4117 enirn
1439 4062 1469 4118 iu
1491 4080 1557 4120 cor·

469 4158 596 4218 minidas
618 4160 679 4216 suis
701 4160 801 4217 annin
824 4154 912 4217 inane
935 4179 1000 4220 case
1022 4162 1136 4235 docere,
1158 4162 1306 4220 Zenonem
1329 4159 1434 4219 tollore
1456 4183 1557 4223 rorasse

470 4259 800 4338 multitudinemque&
822 4262 922 4321 eodem
943 4265 1060 4337 redeat,
1087 4267 1157 4323 lieet
1178 4265 1240 4338 ipse
1260 4264 1332 4319 novi
1354 4263 1423 4337 qaid
1445 4262 1557 4323 dixisse

470 4361 563 4423 atton
585 4362 667 4421 velit.
708 4361 757 4421 Ex
777 4360 824 4420 his
845 4366 956 4427 clarum
977 4376 1024 4425 est
1044 4366 1114 4443 puil
1135 4359 1366 4439 τίλμταβάλλαν.
1400 4362 1559 4442 signifieat

471 4461 550 4523 enin
571 4459 718 4534 Βοττιλοι,
740 4463 890 4523 Zenonem
911 4465 1074 4527 doctrinam
1092 4462 1273 4526 Parmenid‘u
1296 4465 1386 4524 veluti
1407 4485 1443 4522 ex
1465 4468 1560 4525 altera

471 4570 553 4632 parte
582 4563 729 4637 explicare
757 4572 894 4623 sonatum
916 4586 996 4640 esse,
1024 4587 1060 4629 na
1087 4565 1187 4627 eadem
1213 4573 1302 4639 atque
1329 4566 1379 4623 ille
1402 4567 1558 4628 tradidisse
