3775 5442
459 673 523 741 240
774 672 861 732 liber
881 671 1036 731 necandae.
1077 669 1179 731 Sentio
1199 671 1221 731 l.

460 864 556 928 quum
578 845 714 919 videret,
748 843 960 923 quaeationem
980 844 1014 905 ln
1035 862 1075 907 eo
1095 847 1277 923 tractatam,
1303 842 1365 907 etri
1384 842 1425 903 ed
1447 842 1549 906 Unum

460 946 653 1013 Parmenidir
665 952 831 1028 rpeetaret,
854 954 958 1007 tamen
971 947 1100 1008 Eleatae
1112 945 1296 1008 oententiem
1307 962 1371 1007 uon
1383 945 1549 1026 explicare,

461 1055 519 1118 eed
541 1051 646 1133 potina
667 1049 833 1111 immutare
854 1056 886 1112 et
908 1054 1101 1131 pervertere,
1120 1048 1154 1111 ln
1176 1066 1244 1110 earn
1257 1049 1409 1111 deductor
1426 1050 1548 1130 opinio-

461 1175 534 1219 nem
564 1125 630 1230 eet,
660 1157 696 1215 nt
716 1151 910 1216 Parmenidia
940 1151 1113 1214 doctrinam
1136 1151 1177 1214 de
1198 1152 1268 1214 Uno
1288 1150 1423 1212 reintrri
1444 1154 1551 1215 exnu-

461 1263 576 1332 rneret,
605 1261 639 1318 ei
667 1275 705 1318 eo
733 1255 859 1334 quidem
893 1256 1004 1329 modo,
1039 1262 1074 1317 ut
1103 1256 1215 1334 quibua
1242 1257 1372 1318 Eleatae
1401 1256 1551 1321 adrerouo

462 1360 656 1423 adversarior
679 1358 725 1419 nti
747 1357 980 1421 conancviarc'ni
1001 1357 1177 1421 diruerendi
1199 1358 1328 1434 utibur,
1351 1360 1463 1421 iisdem
1476 1360 1552 1423 Par-

462 1464 614 1540 menides,
636 1480 774 1524 nummus
795 1461 888 1524 liniue
910 1461 1037 1523 scholae
1058 1459 1222 1540 mapiater,
1244 1479 1300 1521 ona
1318 1461 1418 1540 ipaiua
1438 1464 1553 1543 placita

462 1566 647 1648 impugnare
668 1570 701 1625 et
722 1565 901 1627 convellens
922 1564 1134 1627 induceretur.
1157 1562 1264 1642 itaque
1284 1563 1332 1626 vir
1352 1565 1552 1631 dodiaeimna

463 1670 631 1751 proiitetur
650 1687 681 1749 p.
703 1664 838 1748 illan,
863 1669 991 1732 decreta
1010 1666 1042 1729 ln
1064 1667 1126 1728 hoo
1147 1684 1293 1729 oermcnc
1319 1669 1470 1749 explicata
1490 1648 1552 1734 eibi

464 1771 564 1835 rideri
591 1789 693 1851 neque
722 1790 780 1850 pro
808 1770 977 1833 Pletonieir
1005 1789 1063 1831 nec
1094 1786 1152 1850 pro
1173 1768 1552 1836 vermentodunum·

465 1894 546 1950 erre,
569 1873 753 1954 pmeacrtim
775 1892 869 1951 qnnm
892 1871 1124 1952 disquisitiones
1146 1871 1308 1935 institutae
1335 1893 1397 1937 non
1423 1877 1464 1938 ad
1484 1896 1552 1941 oer-

465 1984 529 2040 tam
542 1977 693 2057 quandam
709 1974 937 2037 conclusionem
958 1974 1216 2054 perducerentur.
1259 1974 1375 2039 Verum
1396 1977 1459 2042 ltoe
1478 1999 1553 2066 oon-

465 2081 568 2143 allinm
591 2079 657 2141 rire
678 2078 818 2139 Platonis
839 2077 966 2156 ingenio
988 2098 1024 2139 eo
1044 2077 1195 2158 ringulari
1216 2079 1281 2155 tin,
1305 2099 1365 2159 qna
1385 2081 1460 2144 ellirl
1476 2082 1552 2145 l’nr·

465 2182 621 2245 menidem
649 2179 865 2261 prosequitur,
896 2181 1072 2243 reverentie
1101 2180 1260 2260 indignum
1283 2183 1384 2246 rinurn
1403 2191 1463 2263 cat,
1484 2189 1553 2249 nire

466 2306 536 2349 eam
564 2303 689 2347 morona
716 2284 776 2346 iata
804 2291 838 2346 et
865 2284 949 2346 triati
980 2282 1154 2346 diaaerendi
1185 2286 1370 2364 severitate,
1403 2307 1485 2370 qnae
1512 2309 1553 2352 ne

466 2391 654 2453 leviarimnm
684 2387 809 2467 quidem
838 2387 935 2448 hebet
961 2386 1115 2451 irrirlooia
1141 2387 1308 2465 indiciam,
1341 2391 1427 2453 nulio
1456 2394 1553 2458 morlo

467 2493 646 2567 convenire,
679 2490 732 2569 qui
754 2497 863 2572 poatea
885 2510 971 2553 onam
994 2489 1035 2552 de
1056 2490 1118 2551 lucc
1141 2509 1238 2571 opere
1259 2494 1444 2557 sententiam
1467 2497 1554 2560 dire-

467 2601 549 2667 runt,
578 2597 610 2656 in
637 2594 697 2656 alin
724 2597 827 2657 omnia
855 2593 914 2655 ribi
939 2594 1168 2656 discedendum
1199 2612 1270 2657 eoae
1298 2597 1440 2661 arbitrati
1470 2608 1552 2663 eunt.

467 2698 593 2762 Etenim
619 2716 756 2760 rumonus
785 2697 840 2759 ilie
866 2715 996 2777 operum
1025 2699 1256 2767 Pletonicornm
1292 2700 1463 2781 interpres,
1500 2707 1554 2784 qni

467 2802 586 2882 primur
615 2800 837 2882 philosophum
870 2801 1022 2863 Graecum
1052 2801 1236 2863 Germanice
1265 2802 1443 2882 loquentem
1466 2807 1553 2882 leoli,

469 2907 562 2988 0per.
590 2906 669 2968 Plat.
697 2902 769 2967 Voi.
792 2905 815 2967 Ι.
843 2905 937 2968 1'.ll.
965 2910 996 2986 p.
1019 2905 1140 2985 Sdrqq.
1169 2904 1218 2965 ed.
1241 2924 1303 2967 nec.
1335 2905 1419 2968 laune
1438 2907 1555 2973 librum

469 3009 590 3073 conruit
611 3007 784 3069 arctioaime
806 3028 876 3070 oum
896 3007 1040 3070 Phaedro
1063 3015 1097 3070 et
1117 3007 1289 3087 Protagora
1311 3009 1498 3088 colnerere,
1520 3020 1556 3074 nt

467 3115 500 3175 in
528 3131 590 3194 qno
612 3128 691 3189 qnae
712 3109 744 3170 in
766 3109 817 3171 iria
838 3110 971 3190 dialogi·
992 3109 1206 3173 tantummodo
1229 3111 1374 3172 inchoata
1394 3114 1437 3176 ait
1458 3115 1555 3177 studii

468 3215 687 3296 philosophiae
716 3212 899 3273 moderandi
926 3214 1119 3295 regendique
1148 3212 1338 3293 praeceptio,
1359 3216 1457 3277 veluti
1478 3235 1554 3278 con-

469 3317 610 3379 tinuetur
630 3325 725 3396 atque
746 3326 987 3382 conrummetur.
1041 3315 1199 3380 Videlicet
1219 3317 1253 3378 in
1272 3316 1337 3379 illle
1358 3322 1555 3384 aermonilnna

469 3417 637 3493 repientlae
658 3419 794 3481 etodium
817 3422 861 3483 ait
882 3423 947 3484 talc
967 3422 1140 3496 informari,
1162 3439 1224 3501 qno
1246 3441 1327 3502 qnae
1347 3420 1408 3485 lom
1430 3424 1556 3486 inventa

470 3526 504 3583 ei
533 3522 690 3603 explorata
717 3525 781 3588 rint
810 3545 881 3588 cnrn
907 3526 977 3589 aliia
1004 3525 1283 3598 communicentur3
1310 3525 1343 3588 in
1370 3526 1558 3589 Parmenide

343 3612 346 3621 ¹
470 3630 573 3687 antem
595 3627 677 3688 idem
699 3628 776 3699 iilrrd
799 3631 925 3712 depingi
947 3631 1001 3705 eie,
1024 3634 1060 3691 nt
1081 3628 1237 3710 quomodo
1259 3646 1365 3691 aarum
1387 3630 1557 3710 investige-

469 3733 523 3789 tur
549 3736 582 3791 ct
609 3732 784 3811 reperiatur
810 3735 905 3797 veinti
936 3732 1052 3798 nortrio
1079 3733 1219 3813 ipsoram
1252 3733 1351 3796 ocnile
1382 3751 1555 3794 cernamur.

469 3830 686 3895 Parmeniden
716 3836 798 3898 enim
823 3839 868 3900 ita
897 3839 938 3899 de
966 3855 1042 3898 vero
1078 3840 1279 3916 quaerentem
1312 3834 1485 3909 introduci,
1521 3843 1558 3896 ut

469 3935 548 3997 nihil
573 3955 699 4013 eorum,
727 3958 807 4022 quae
835 3941 1076 4015 concludantur,
1101 3936 1225 4002 etiamoi
1254 3940 1303 4002 rei
1324 3940 1457 4001 maxime
1478 3938 1559 4000 mire

471 4038 626 4115 reddant,
653 4040 791 4105 declinet
819 4052 872 4107 ant
898 4042 1100 4115 reiornridei,
1133 4042 1191 4107 red
1211 4062 1283 4107 cum
1303 4043 1435 4105 maxime
1458 4042 1559 4105 dinae-

471 4142 563 4205 rendi
588 4145 755 4207 reveritate
783 4146 969 4228 singularem
999 4146 1203 4210 comendam
1231 4154 1264 4210 et
1297 4146 1560 4228 tranquilitatem

472 4246 646 4326 coniungat
702 4246 784 4311 linio
815 4271 889 4313 vero
912 4250 1030 4331 opponi
1048 4248 1139 4330 quari
1160 4256 1194 4312 et
1214 4270 1234 4313 e
1254 4252 1385 4333 regione
1406 4251 1558 4313 collocari

472 4349 629 4410 Zenonem
652 4355 746 4430 atquc
768 4355 945 4425 Socratem,
974 4372 1012 4415 ex
1033 4354 1146 4433 qrribuo
1166 4352 1223 4417 ille
1242 4356 1337 4419 armi·
1358 4355 1392 4419 ln
1411 4354 1469 4419 inii
1491 4374 1560 4419 cer-

473 4453 588 4515 tamine
609 4453 693 4515 haud
714 4474 790 4516 anne
817 4454 1030 4531 admittendis,
1062 4457 1125 4519 hoc
1146 4461 1195 4517 eat
1216 4458 1365 4539 captioni·
1386 4463 1421 4522 et
1441 4457 1560 4540 argutia

473 4557 742 4632 conolnainnenlia,
771 4556 965 4619 adversarior
992 4558 1243 4631 conturbarerit3
1275 4562 1329 4624 lrio
1352 4568 1458 4627 anien
1484 4580 1562 4642 prae

325 4648 405 4820 x
474 4657 599 4721 invalli
622 4659 755 4739 quodem
776 4662 898 4740 pudore
918 4668 952 4722 et
973 4661 1140 4725 timiditate
1156 4663 1293 4727 nondum
1315 4664 1419 4728 omnio
1439 4683 1478 4727 ca
1499 4683 1561 4744 qna
