3775 5442
468 632 510 694 bb
799 628 884 689 Liber
906 630 1024 707 primus.
1068 628 1167 687 Sectis
1190 627 1225 686 ΙΙ.

471 802 581 864 Virtus
607 809 708 864 sutem
738 804 767 864 ei
794 820 854 862 arna
886 801 1035 881 sapientia
1062 801 1191 860 maxime
1218 797 1368 858 contineri
1396 798 1460 857 visa
1489 803 1549 859 est.

470 907 572 982 Quare
595 904 686 965 lacile
707 905 809 985 potnit
829 906 914 980 lieri,
936 910 974 965 ut
986 902 1131 965 Euclides
1149 904 1233 962 inter
1249 899 1366 961 sciendi
1388 907 1420 961 et
1436 902 1549 981 agendi

470 1008 652 1089 principium
679 1008 798 1070 nullum
831 1009 994 1070 discrimen
1024 1009 1176 1067 statueret
1208 1003 1350 1081 adeoque
1378 1002 1443 1065 Eos
1471 1005 1550 1065 illud

469 1128 550 1172 rrrrne
579 1113 692 1172 bonum
722 1129 804 1173 nuno
824 1113 1004 1193 sapientiam
1032 1114 1166 1170 vocaret.
1225 1104 1357 1167 Virtutis
1386 1112 1489 1167 sutem
1518 1114 1551 1167 et

471 1216 639 1294 sapientiae
659 1233 778 1275 summa
798 1214 950 1301 perfectio
973 1214 1115 1292 qnoniam
1139 1212 1228 1272 onice
1249 1212 1279 1270 in
1301 1210 1426 1269 numine
1448 1209 1550 1269 diuino

470 1326 519 1379 est
541 1318 721 1397 conspicua,
756 1320 913 1380 marssain
936 1322 1062 1396 promta
1084 1319 1150 1389 est,
1178 1333 1234 1374 our
1260 1313 1325 1375 Ena
1351 1312 1429 1374 illud
1458 1313 1551 1375 etiam

471 1420 521 1481 del
544 1420 668 1483 nomine
689 1400 863 1495 ornaverit,
886 1421 917 1480 in
940 1438 1031 1498 quam
1051 1418 1205 1479 rationem
1229 1434 1266 1475 eo
1289 1415 1410 1477 facilins
1432 1414 1550 1477 deferri

470 1523 587 1602 potuit,
622 1525 706 1603 quod
738 1526 798 1585 iam
826 1522 1034 1603 Xenophanes
1047 1528 1050 1533 '
1063 1521 1155 1582 bsdus
1181 1521 1228 1581 rei
1257 1519 1431 1598 exemplum
1459 1538 1551 1599 prse-

470 1607 576 1687 iverat.
621 1628 854 1706 Deniquelllud
878 1627 972 1688 etlam
993 1627 1076 1687 νοῦν
1095 1624 1270 1704 appellavit,
1293 1629 1469 1702 propteres,
1492 1623 1550 1684 nisi

470 1729 579 1805 fallor,
603 1730 686 1810 quod
709 1733 826 1811 ipsum,
849 1736 960 1818 utpote
973 1729 1125 1801 divinum,
1148 1733 1252 1786 mente
1267 1732 1299 1787 et
1313 1726 1435 1789 ratione
1452 1727 1551 1788 soluit

471 1833 644 1914 praeditum
667 1853 755 1906 esse3
782 1834 813 1893 in
837 1852 897 1911 quo
918 1832 1056 1893 fortasse
1077 1831 1275 1908 Anaxagorae
1297 1838 1391 1911 atque
1412 1832 1551 1893 Socratis

471 1938 643 2016 exemplum
666 1942 790 1998 secutus
811 1940 870 1996 est.
920 1932 1028 1995 Paullo
1049 1932 1142 1992 allter
1163 1932 1308 2013 Diogenis
1330 1935 1433 1997 lanam
1454 1938 1552 2017 expli·
1624 1932 1626 1937 ’

471 2041 551 2100 cavit
573 2038 723 2120 Deybslus
746 2056 776 2117 p.
790 2039 834 2099 20
846 2058 932 2118 sqq,
955 2057 973 2096 a
994 2053 1056 2116 qua
1078 2054 1134 2095 eur
1154 2036 1185 2097 ln
1208 2039 1390 2115 quibusdam
1411 2041 1552 2120 partibus

472 2143 681 2215 discesserim,
715 2158 796 2200 nunc
821 2158 883 2201 non
912 2146 962 2203 est
989 2139 1112 2201 dicendi
1139 2138 1236 2203 locus.
1286 2140 1420 2203 Dubium
1447 2149 1551 2203 sutem

471 2262 533 2304 non
555 2250 620 2319 est,
643 2245 715 2324 quin
737 2242 886 2323 Megarici
908 2261 1031 2324 quoqne
1049 2243 1210 2304 Eleatieos
1232 2245 1332 2307 seeutl
1353 2245 1448 2308 danaes
1468 2264 1553 2306 nam·

472 2366 553 2407 mum
582 2347 658 2409 illud
688 2348 801 2409 tronum
828 2348 983 2408 voluerint
1010 2366 1080 2408 esse
1107 2345 1316 2421 immutabile,
1346 2368 1471 2429 semper
1493 2352 1553 2411 sibi

472 2459 631 2526 constans,
665 2449 841 2537 aequabile,
876 2450 1010 2537 denique
1036 2468 1130 2510 unum
1158 2453 1250 2527 atque
1282 2452 1421 2532 simplex.
1475 2452 1553 2514 Nam

472 2554 554 2633 quod
576 2556 619 2615 ita
641 2572 710 2615 esse
732 2553 904 2633 ponebant,
940 2558 976 2614 nt
1004 2560 1087 2615 esset
1113 2552 1287 2613 absolutum
1310 2555 1431 2635 sibique
1452 2558 1555 2636 ipsum

473 2654 650 2730 sssllieeret,
686 2657 719 2717 id
742 2658 780 2718 ab
803 2656 944 2717 omnibus
968 2655 1129 2731 nascendi,
1165 2656 1341 2732 crescendi,
1376 2660 1554 2722 intereundi

474 2761 732 2826 vicissitudinibus
754 2766 855 2821 tanturm
883 2766 916 2819 et
943 2759 1078 2819 immune
1100 2778 1170 2820 esse
1192 2758 1308 2820 debere
1328 2760 1553 2842 intelligebant.

474 2867 629 2927 lllsertum
657 2866 704 2925 rei
731 2864 939 2925 testimonium
970 2860 1116 2943 perbibet
1136 2862 1306 2925 Aristocles
1328 2863 1554 2944 Peripateticus

473 2968 554 3048 apud
577 2968 743 3029 Erssebium
767 2968 875 3046 Praep.
897 2966 1014 3045 Evang.
1036 2963 1116 3027 xlv.
1140 2965 1190 3027 lt.
1219 2967 1272 3045 qui
1294 2957 1408 3029 ”Altos
1430 2966 1480 3042 δέ,
1508 2971 1555 3034 λιι,

474 3072 554 3151 quit,
578 3073 729 3151 ἐγίνοντο
752 3063 884 3141 τούτοις
907 3068 1103 3147 (Democrito
1126 3074 1159 3129 et
1181 3069 1356 3149 Aristippo)
1378 3061 1440 3146 τὴν
1463 3074 1554 3134 ἐναν-

474 3154 551 3235 τίαν
574 3163 688 3258 φωνὴν
710 3165 873 3254 (λιμένας.
895 3168 1039 3235 οἴονται
1046 3164 1111 3254 γὰρ
1135 3168 1203 3233 δεῖν
1224 3162 1288 3244 τὰς
1300 3170 1360 3252 μὲν
1377 3165 1555 3248 αἰσθήσεις

475 3274 530 3336 καὶ
553 3265 613 3346 τὰς
636 3273 827 3359 φαντασίας
849 3270 1090 3355 καταβάλλειν,
1113 3270 1204 3354 αὐτῷ
1226 3272 1261 3335 δὲ
1281 3266 1374 3354 μόνῳ
1395 3274 1443 3353 τῷ
1465 3267 1555 3356 λόγῳ

476 3368 647 3441 πιστεύειν.
669 3374 811 3434 τοιαῦτα
833 3369 898 3456 γάρ
921 3396 998 3439 τινα
1021 3371 1184 3461 πρότερον
1205 3375 1266 3456 μὲν
1282 3368 1477 3461 Ξενοφάνης
1499 3378 1556 3440 καὶ

475 3473 688 3567 Παρμενίδης
718 3476 774 3537 καὶ
798 3471 912 3554 Ζήνων
934 3480 990 3541 καὶ
1013 3479 1180 3553 Μέλισσος
1202 3478 1330 3559 ἔλεγον,
1362 3472 1557 3562 ὕστερονδὲ

476 3581 507 3641 ol
537 3579 609 3660 περὶ
639 3575 825 3641 Στίλπωνα
858 3581 913 3643 καὶ
950 3573 1028 3655 τοὺς
1061 3576 1285 3662 Μεγαρικούς.
1325 3576 1412 3646 ὅθεν
1442 3578 1558 3660 ἠξίουν

477 3670 571 3744 οὗτοί
593 3703 629 3761 ys
651 3671 690 3743 τὸ
714 3673 753 3743 ὂν
775 3682 809 3745 ἓν
831 3678 930 3758 εἶναι,
952 3686 1008 3746 καὶ
1030 3676 1069 3745 τὸ
1092 3676 1136 3765 ιιι)
1160 3676 1199 3748 ὂν
1221 3689 1333 3768 ἕτερον
1355 3680 1454 3758 εἶναι,
1477 3682 1559 3765 μηδὲ

477 3782 667 3867 γεννᾶσθαί
696 3806 743 3858 τι,
769 3783 850 3873 μηδὲ
873 3786 1104 3874 φθείρεσθαι,
1133 3786 1215 3868 μηδὲ
1237 3788 1410 3851 κινεῖσθαι
1434 3781 1474 3850 τὸ
1497 3809 1558 3849 πα·

478 3880 597 3970 qainon.
641 3888 675 3950 ln
698 3891 807 3969 quibus
836 3890 937 3951 verbis
966 3889 1190 3950 observandum
1219 3897 1269 3951 est
1290 3890 1466 3971 Megaricos
1488 3909 1559 3950 nar-

477 3991 539 4052 rari
561 3992 652 4051 esiam
675 3984 714 4054 τὸ
736 3984 782 4075 μὴ
805 3984 845 4055 ὅν
866 3993 1027 4066 statuisse,
1051 3992 1134 4070 quod
1157 3995 1299 4071 quoniam
1319 4003 1467 4073 putarunt
1488 4010 1558 4052 esse

478 4097 606 4174 lacoon,
628 4093 677 4167 rix
698 4094 842 4173 estquod
858 4095 998 4166 dubites,
1022 4097 1094 4173 quin
1106 4097 1315 4156 Eleatieorum
1336 4098 1476 4176 exemplo
1499 4095 1557 4154 sub

479 4216 516 4256 eo
538 4216 589 4255 res
611 4216 776 4276 corporeas
798 4198 1014 4258 intellexerint.
1060 4202 1147 4278 Quae
1169 4217 1261 4276 qurum
1283 4201 1326 4258 ita
1343 4201 1421 4272 sint,
1444 4199 1558 4257 miran-

479 4300 551 4359 dum
574 4300 717 4379 proiecto
740 4309 888 4374 nonest,
912 4302 997 4381 qnod
1019 4301 1207 4362 dlsleoticsm
1230 4301 1360 4359 maxime
1389 4300 1482 4360 adid
1504 4301 1559 4361 ad-

478 4403 662 4475 hibuerunt,
695 4409 731 4463 nt
756 4403 845 4463 lintis
875 4407 922 4464 sui
951 4407 1099 4468 unitatem
1128 4424 1164 4464 ac
1192 4403 1417 4480 simplieitatem
1441 4405 1559 4484 argutis

480 4514 641 4568 tuerentur
670 4508 1002 4585 argumentationibus,
1034 4511 1144 4589 quibus
1172 4507 1305 4565 Zenonis
1333 4508 1475 4586 exemplo
1504 4528 1559 4570 eos

480 4609 667 4672 studuerunt
694 4608 870 4686 oonlartare,
906 4614 959 4691 qul
987 4615 1084 4674 multa
1109 4628 1179 4675 esse
1211 4611 1446 4675 contenderent.
1491 4615 1559 4693 Quo
