<?xml version="1.0" encoding="UTF-8"?>
<!DOCTYPE html PUBLIC "-//W3C//DTD XHTML 1.0 Transitional//EN"
    "http://www.w3.org/TR/xhtml1/DTD/xhtml1-transitional.dtd">
<html xmlns="http://www.w3.org/1999/xhtml" xml:lang="en" lang="en">
 <head>
  <title>
</title>
<meta http-equiv="Content-Type" content="text/html;charset=utf-8" />
  <meta name='ocr-system' content='tesseract 3.04.00' />
  <meta name='ocr-capabilities' content='ocr_page ocr_carea ocr_par ocr_line ocrx_word'/>
</head>
<body>
  <div class='ocr_page' id='page_1' title='image "./parmenidescumqu00platgoog_0096.png"; bbox 0 0 3775 5442; ppageno 0'>
   <div class='ocr_carea' id='block_1_1' title="bbox 480 618 1240 696">
    <p class='ocr_par' dir='ltr' id='par_1_1' title="bbox 480 618 1240 696">
     <span class='ocr_line' id='line_1_1' title="bbox 480 618 1240 696; baseline -0.005 -15"><span class='ocrx_word' id='word_1_1' title='bbox 480 618 522 681; x_wconf 77' lang='lat' dir='ltr'><strong>bt</strong></span> <span class='ocrx_word' id='word_1_2' title='bbox 815 619 900 677; x_wconf 80' lang='lat' dir='ltr'><strong>biber</strong></span> <span class='ocrx_word' id='word_1_3' title='bbox 921 620 1046 696; x_wconf 73' lang='lat' dir='ltr'><strong>primun·</strong></span> <span class='ocrx_word' id='word_1_4' title='bbox 1083 619 1183 679; x_wconf 77' lang='lat' dir='ltr'><strong>Sectis</strong></span> <span class='ocrx_word' id='word_1_5' title='bbox 1206 618 1240 677; x_wconf 96' lang='grc'><strong>11.</strong></span> 
     </span>
    </p>
   </div>
   <div class='ocr_carea' id='block_1_2' title="bbox 449 789 1583 4691">
    <p class='ocr_par' dir='ltr' id='par_1_2' title="bbox 466 789 1569 1680">
     <span class='ocr_line' id='line_1_2' title="bbox 484 789 1567 871; baseline 0.004 -21"><span class='ocrx_word' id='word_1_6' title='bbox 484 808 543 867; x_wconf 86' lang='lat' dir='ltr'><strong>qua</strong></span> <span class='ocrx_word' id='word_1_7' title='bbox 565 789 688 849; x_wconf 82' lang='lat' dir='ltr'><strong>taudem</strong></span> <span class='ocrx_word' id='word_1_8' title='bbox 710 791 832 852; x_wconf 89' lang='lat' dir='ltr'><strong>ratione</strong></span> <span class='ocrx_word' id='word_1_9' title='bbox 853 809 923 851; x_wconf 90' lang='lat' dir='ltr'><strong>enm</strong></span> <span class='ocrx_word' id='word_1_10' title='bbox 947 791 1104 854; x_wconf 77' lang='lat' dir='ltr'><strong>videberis</strong></span> <span class='ocrx_word' id='word_1_11' title='bbox 1125 789 1243 851; x_wconf 85' lang='lat' dir='ltr'><strong>erroris</strong></span> <span class='ocrx_word' id='word_1_12' title='bbox 1271 791 1450 871; x_wconf 73' lang='lat' dir='ltr'><strong>coarguisse</strong></span> <span class='ocrx_word' id='word_1_13' title='bbox 1472 801 1567 871; x_wconf 90' lang='lat' dir='ltr'><strong>atque</strong></span> 
     </span>
     <span class='ocr_line' id='line_1_3' title="bbox 483 890 1566 976; baseline 0.003 -23"><span class='ocrx_word' id='word_1_14' title='bbox 483 890 653 963; x_wconf 79' lang='lat' dir='ltr'><strong>refutasse,</strong></span> <span class='ocrx_word' id='word_1_15' title='bbox 676 894 763 956; x_wconf 90' lang='lat' dir='ltr'><strong>culus</strong></span> <span class='ocrx_word' id='word_1_16' title='bbox 785 895 970 957; x_wconf 82' lang='lat' dir='ltr'><strong>senteutiam</strong></span> <span class='ocrx_word' id='word_1_17' title='bbox 992 895 1173 976; x_wconf 75' lang='lat' dir='ltr'>exposueris</span> <span class='ocrx_word' id='word_1_18' title='bbox 1192 910 1253 955; x_wconf 91' lang='lat' dir='ltr'><strong>nou</strong></span> <span class='ocrx_word' id='word_1_19' title='bbox 1271 893 1425 968; x_wconf 83' lang='lat' dir='ltr'><strong>fideliter,</strong></span> <span class='ocrx_word' id='word_1_20' title='bbox 1448 896 1566 957; x_wconf 80' lang='lat' dir='ltr'><strong>sedvel</strong></span> 
     </span>
     <span class='ocr_line' id='line_1_4' title="bbox 466 995 1567 1079; baseline 0.002 -22"><span class='ocrx_word' id='word_1_21' title='bbox 466 995 657 1079; x_wconf 47' lang='lat' dir='ltr'><strong>,enitendo</strong></span> <span class='ocrx_word' id='word_1_22' title='bbox 686 999 735 1060; x_wconf 81' lang='lat' dir='ltr'><strong>vel</strong></span> <span class='ocrx_word' id='word_1_23' title='bbox 765 998 908 1061; x_wconf 88' lang='lat' dir='ltr'><strong>addendo</strong></span> <span class='ocrx_word' id='word_1_24' title='bbox 944 999 993 1059; x_wconf 84' lang='lat' dir='ltr'><strong>vel</strong></span> <span class='ocrx_word' id='word_1_25' title='bbox 1021 997 1256 1077; x_wconf 77' lang='lat' dir='ltr'><strong>Interpretando</strong></span> <span class='ocrx_word' id='word_1_26' title='bbox 1289 997 1567 1060; x_wconf 70' lang='lat' dir='ltr'><strong>contaminaveris?</strong></span> 
     </span>
     <span class='ocr_line' id='line_1_5' title="bbox 484 1097 1568 1182; baseline 0.005 -23"><span class='ocrx_word' id='word_1_27' title='bbox 484 1099 552 1159; x_wconf 88' lang='lat' dir='ltr'><strong>lloe</strong></span> <span class='ocrx_word' id='word_1_28' title='bbox 572 1097 668 1177; x_wconf 72' lang='lat' dir='ltr'><strong>igitur</strong></span> <span class='ocrx_word' id='word_1_29' title='bbox 690 1101 897 1182; x_wconf 88' lang='lat' dir='ltr'><strong>pbilosopbux</strong></span> <span class='ocrx_word' id='word_1_30' title='bbox 918 1101 987 1181; x_wconf 90' lang='lat' dir='ltr'><strong>lpse</strong></span> <span class='ocrx_word' id='word_1_31' title='bbox 1009 1121 1102 1181; x_wconf 90' lang='lat' dir='ltr'><strong>quum</strong></span> <span class='ocrx_word' id='word_1_32' title='bbox 1125 1102 1243 1180; x_wconf 90' lang='lat' dir='ltr'><strong>optime</strong></span> <span class='ocrx_word' id='word_1_33' title='bbox 1261 1101 1404 1175; x_wconf 75' lang='lat' dir='ltr'><strong>sentiret,</strong></span> <span class='ocrx_word' id='word_1_34' title='bbox 1425 1119 1488 1164; x_wconf 93' lang='lat' dir='ltr'><strong>non</strong></span> <span class='ocrx_word' id='word_1_35' title='bbox 1511 1103 1568 1163; x_wconf 90' lang='lat' dir='ltr'><strong>du-</strong></span> 
     </span>
     <span class='ocr_line' id='line_1_6' title="bbox 484 1199 1568 1283; baseline 0.006 -24"><span class='ocrx_word' id='word_1_36' title='bbox 484 1199 611 1274; x_wconf 79' lang='lat' dir='ltr'><strong>bitauit,</strong></span> <span class='ocrx_word' id='word_1_37' title='bbox 633 1219 671 1263; x_wconf 87' lang='lat' dir='ltr'><strong>ea</strong></span> <span class='ocrx_word' id='word_1_38' title='bbox 693 1224 772 1283; x_wconf 89' lang='lat' dir='ltr'><strong>quae</strong></span> <span class='ocrx_word' id='word_1_39' title='bbox 792 1206 832 1265; x_wconf 88' lang='lat' dir='ltr'><strong>ab</strong></span> <span class='ocrx_word' id='word_1_40' title='bbox 853 1202 1038 1265; x_wconf 81' lang='lat' dir='ltr'><strong>adversariis</strong></span> <span class='ocrx_word' id='word_1_41' title='bbox 1060 1211 1168 1267; x_wconf 72' lang='lat' dir='ltr'><strong>contu</strong></span> <span class='ocrx_word' id='word_1_42' title='bbox 1189 1203 1286 1283; x_wconf 87' lang='lat' dir='ltr'><strong>ipsius</strong></span> <span class='ocrx_word' id='word_1_43' title='bbox 1310 1203 1482 1267; x_wconf 74' lang='lat' dir='ltr'><strong>doctrinam</strong></span> <span class='ocrx_word' id='word_1_44' title='bbox 1505 1205 1568 1266; x_wconf 91' lang='lat' dir='ltr'><strong>dis·</strong></span> 
     </span>
     <span class='ocr_line' id='line_1_7' title="bbox 484 1305 1569 1386; baseline 0.008 -25"><span class='ocrx_word' id='word_1_45' title='bbox 484 1307 716 1383; x_wconf 68' lang='lat' dir='ltr'><strong>putauerunt,</strong></span> <span class='ocrx_word' id='word_1_46' title='bbox 745 1324 865 1370; x_wconf 84' lang='lat' dir='ltr'><strong>summa</strong></span> <span class='ocrx_word' id='word_1_47' title='bbox 886 1326 956 1367; x_wconf 89' lang='lat' dir='ltr'><strong>cum</strong></span> <span class='ocrx_word' id='word_1_48' title='bbox 983 1305 1047 1366; x_wconf 87' lang='lat' dir='ltr'><strong>fide</strong></span> <span class='ocrx_word' id='word_1_49' title='bbox 1072 1324 1218 1367; x_wconf 86' lang='lat' dir='ltr'><strong>enarrare</strong></span> <span class='ocrx_word' id='word_1_50' title='bbox 1237 1311 1415 1386; x_wconf 82' lang='lat' dir='ltr'><strong>tantamque</strong></span> <span class='ocrx_word' id='word_1_51' title='bbox 1435 1306 1473 1369; x_wconf 89' lang='lat' dir='ltr'><strong>iis</strong></span> <span class='ocrx_word' id='word_1_52' title='bbox 1495 1327 1569 1370; x_wconf 84' lang='lat' dir='ltr'><strong>con·</strong></span> 
     </span>
     <span class='ocr_line' id='line_1_8' title="bbox 486 1406 1569 1490; baseline 0.005 -23"><span class='ocrx_word' id='word_1_53' title='bbox 486 1406 592 1468; x_wconf 89' lang='lat' dir='ltr'><strong>elliare</strong></span> <span class='ocrx_word' id='word_1_54' title='bbox 618 1410 894 1473; x_wconf 81' lang='lat' dir='ltr'><strong>verisimilitudinis</strong></span> <span class='ocrx_word' id='word_1_55' title='bbox 923 1408 1077 1487; x_wconf 68' lang='lat' dir='ltr'><strong>speciem,</strong></span> <span class='ocrx_word' id='word_1_56' title='bbox 1117 1414 1153 1469; x_wconf 88' lang='lat' dir='ltr'><strong>ut</strong></span> <span class='ocrx_word' id='word_1_57' title='bbox 1183 1409 1236 1488; x_wconf 91' lang='lat' dir='ltr'><strong>qui</strong></span> <span class='ocrx_word' id='word_1_58' title='bbox 1265 1427 1326 1470; x_wconf 88' lang='lat' dir='ltr'><strong>nou</strong></span> <span class='ocrx_word' id='word_1_59' title='bbox 1356 1410 1569 1490; x_wconf 89' lang='lat' dir='ltr'><strong>percepissent</strong></span> 
     </span>
     <span class='ocr_line' id='line_1_9' title="bbox 486 1511 1568 1591; baseline 0.004 -22"><span class='ocrx_word' id='word_1_60' title='bbox 486 1525 606 1571; x_wconf 88' lang='lat' dir='ltr'><strong>emnem</strong></span> <span class='ocrx_word' id='word_1_61' title='bbox 629 1512 865 1587; x_wconf 72' lang='lat' dir='ltr'><strong>astutiorem,</strong></span> <span class='ocrx_word' id='word_1_62' title='bbox 887 1511 1008 1573; x_wconf 78' lang='lat' dir='ltr'><strong>iuvenis</strong></span> <span class='ocrx_word' id='word_1_63' title='bbox 1028 1511 1167 1574; x_wconf 85' lang='lat' dir='ltr'><strong>Socratis</strong></span> <span class='ocrx_word' id='word_1_64' title='bbox 1189 1512 1330 1591; x_wconf 86' lang='lat' dir='ltr'><strong>exemplo</strong></span> <span class='ocrx_word' id='word_1_65' title='bbox 1351 1512 1435 1574; x_wconf 90' lang='lat' dir='ltr'><strong>baud</strong></span> <span class='ocrx_word' id='word_1_66' title='bbox 1448 1512 1568 1574; x_wconf 88' lang='lat' dir='ltr'><strong>medio-</strong></span> 
     </span>
     <span class='ocr_line' id='line_1_10' title="bbox 486 1612 1033 1680; baseline 0.016 -8"><span class='ocrx_word' id='word_1_67' title='bbox 486 1612 581 1673; x_wconf 87' lang='lat' dir='ltr'><strong>criter</strong></span> <span class='ocrx_word' id='word_1_68' title='bbox 601 1613 640 1674; x_wconf 87' lang='lat' dir='ltr'><strong>iis</strong></span> <span class='ocrx_word' id='word_1_69' title='bbox 662 1616 850 1678; x_wconf 81' lang='lat' dir='ltr'><strong>commoveri</strong></span> <span class='ocrx_word' id='word_1_70' title='bbox 871 1616 1033 1680; x_wconf 79' lang='lat' dir='ltr'><strong>deberent.</strong></span> 
     </span>
    </p>

    <p class='ocr_par' dir='ltr' id='par_1_3' title="bbox 449 1716 1583 4691">
     <span class='ocr_line' id='line_1_11' title="bbox 571 1716 1567 1799; baseline 0 -20"><span class='ocrx_word' id='word_1_71' title='bbox 571 1717 634 1779; x_wconf 88' lang='lat' dir='ltr'><strong>lam</strong></span> <span class='ocrx_word' id='word_1_72' title='bbox 663 1735 737 1779; x_wconf 83' lang='lat' dir='ltr'><strong>vero</strong></span> <span class='ocrx_word' id='word_1_73' title='bbox 764 1718 791 1780; x_wconf 88' lang='lat' dir='ltr'><strong>si</strong></span> <span class='ocrx_word' id='word_1_74' title='bbox 820 1737 966 1798; x_wconf 88' lang='lat' dir='ltr'><strong>quaeras,</strong></span> <span class='ocrx_word' id='word_1_75' title='bbox 1001 1736 1019 1777; x_wconf 88' lang='lat' dir='ltr'><strong>a</strong></span> <span class='ocrx_word' id='word_1_76' title='bbox 1048 1719 1230 1799; x_wconf 86' lang='lat' dir='ltr'><strong>quibusnam</strong></span> <span class='ocrx_word' id='word_1_77' title='bbox 1257 1719 1332 1781; x_wconf 88' lang='lat' dir='ltr'><strong>illae</strong></span> <span class='ocrx_word' id='word_1_78' title='bbox 1357 1716 1567 1779; x_wconf 79' lang='lat' dir='ltr'><strong>dubitationes</strong></span> 
     </span>
     <span class='ocr_line' id='line_1_12' title="bbox 486 1818 1567 1902; baseline 0.005 -24"><span class='ocrx_word' id='word_1_79' title='bbox 486 1818 740 1899; x_wconf 79' lang='lat' dir='ltr'><strong>protectaesint3</strong></span> <span class='ocrx_word' id='word_1_80' title='bbox 763 1821 925 1885; x_wconf 83' lang='lat' dir='ltr'><strong>obscurior</strong></span> <span class='ocrx_word' id='word_1_81' title='bbox 936 1840 973 1883; x_wconf 88' lang='lat' dir='ltr'><strong>ea</strong></span> <span class='ocrx_word' id='word_1_82' title='bbox 993 1822 1133 1902; x_wconf 86' lang='lat' dir='ltr'><strong>quaestio</strong></span> <span class='ocrx_word' id='word_1_83' title='bbox 1149 1829 1199 1884; x_wconf 88' lang='lat' dir='ltr'><strong>est</strong></span> <span class='ocrx_word' id='word_1_84' title='bbox 1217 1829 1251 1883; x_wconf 85' lang='lat' dir='ltr'><strong>et</strong></span> <span class='ocrx_word' id='word_1_85' title='bbox 1271 1822 1453 1896; x_wconf 85' lang='lat' dir='ltr'><strong>intricatior,</strong></span> <span class='ocrx_word' id='word_1_86' title='bbox 1476 1840 1567 1901; x_wconf 83' lang='lat' dir='ltr'><strong>quarn</strong></span> 
     </span>
     <span class='ocr_line' id='line_1_13' title="bbox 486 1923 1567 2006; baseline 0.006 -26"><span class='ocrx_word' id='word_1_87' title='bbox 486 1928 521 1981; x_wconf 91' lang='lat' dir='ltr'><strong>ut</strong></span> <span class='ocrx_word' id='word_1_88' title='bbox 542 1923 581 1982; x_wconf 88' lang='lat' dir='ltr'><strong>ad</strong></span> <span class='ocrx_word' id='word_1_89' title='bbox 604 1942 672 1986; x_wconf 88' lang='lat' dir='ltr'><strong>eam</strong></span> <span class='ocrx_word' id='word_1_90' title='bbox 693 1926 771 1987; x_wconf 75' lang='lat' dir='ltr'><strong>certi</strong></span> <span class='ocrx_word' id='word_1_91' title='bbox 793 1924 960 2006; x_wconf 89' lang='lat' dir='ltr'><strong>quidquam</strong></span> <span class='ocrx_word' id='word_1_92' title='bbox 983 1924 1177 2003; x_wconf 85' lang='lat' dir='ltr'><strong>respondere</strong></span> <span class='ocrx_word' id='word_1_93' title='bbox 1196 1925 1298 1988; x_wconf 85' lang='lat' dir='ltr'><strong>liceat.</strong></span> <span class='ocrx_word' id='word_1_94' title='bbox 1341 1925 1411 1987; x_wconf 86' lang='lat' dir='ltr'><strong>Nou</strong></span> <span class='ocrx_word' id='word_1_95' title='bbox 1436 1925 1567 2004; x_wconf 88' lang='lat' dir='ltr'><strong>abipso</strong></span> 
     </span>
     <span class='ocr_line' id='line_1_14' title="bbox 487 2012 1568 2110; baseline 0.006 -27"><span class='ocrx_word' id='word_1_96' title='bbox 487 2012 619 2087; x_wconf 79' lang='lat' dir='ltr'><strong>Platone</strong></span> <span class='ocrx_word' id='word_1_97' title='bbox 640 2047 693 2089; x_wconf 87' lang='lat' dir='ltr'><strong>eas</strong></span> <span class='ocrx_word' id='word_1_98' title='bbox 714 2028 903 2108; x_wconf 69' lang='lat' dir='ltr'><strong>excogitatas</strong></span> <span class='ocrx_word' id='word_1_99' title='bbox 926 2026 1013 2100; x_wconf 82' lang='lat' dir='ltr'><strong>esse,</strong></span> <span class='ocrx_word' id='word_1_100' title='bbox 1045 2046 1103 2106; x_wconf 87' lang='lat' dir='ltr'><strong>pro</strong></span> <span class='ocrx_word' id='word_1_101' title='bbox 1125 2036 1214 2091; x_wconf 83' lang='lat' dir='ltr'><strong>certo</strong></span> <span class='ocrx_word' id='word_1_102' title='bbox 1236 2035 1270 2089; x_wconf 86' lang='lat' dir='ltr'><strong>et</strong></span> <span class='ocrx_word' id='word_1_103' title='bbox 1289 2029 1450 2110; x_wconf 81' lang='lat' dir='ltr'><strong>explorato</strong></span> <span class='ocrx_word' id='word_1_104' title='bbox 1472 2027 1568 2089; x_wconf 89' lang='lat' dir='ltr'><strong>babe-</strong></span> 
     </span>
     <span class='ocr_line' id='line_1_15' title="bbox 486 2130 1569 2210; baseline 0.003 -20"><span class='ocrx_word' id='word_1_105' title='bbox 486 2147 564 2190; x_wconf 89' lang='lat' dir='ltr'><strong>mus.</strong></span> <span class='ocrx_word' id='word_1_106' title='bbox 607 2131 685 2192; x_wconf 89' lang='lat' dir='ltr'><strong>Nam</strong></span> <span class='ocrx_word' id='word_1_107' title='bbox 706 2131 838 2210; x_wconf 87' lang='lat' dir='ltr'><strong>primum</strong></span> <span class='ocrx_word' id='word_1_108' title='bbox 861 2130 976 2191; x_wconf 83' lang='lat' dir='ltr'><strong>nudam</strong></span> <span class='ocrx_word' id='word_1_109' title='bbox 997 2130 1137 2193; x_wconf 75' lang='lat' dir='ltr'><strong>uidemus</strong></span> <span class='ocrx_word' id='word_1_110' title='bbox 1159 2152 1298 2194; x_wconf 83' lang='lat' dir='ltr'><strong>caussam</strong></span> <span class='ocrx_word' id='word_1_111' title='bbox 1319 2131 1479 2205; x_wconf 75' lang='lat' dir='ltr'><strong>idoneam,</strong></span> <span class='ocrx_word' id='word_1_112' title='bbox 1511 2149 1569 2193; x_wconf 88' lang='lat' dir='ltr'><strong>eur</strong></span> 
     </span>
     <span class='ocr_line' id='line_1_16' title="bbox 487 2232 1568 2317; baseline 0.001 -25"><span class='ocrx_word' id='word_1_113' title='bbox 487 2252 539 2292; x_wconf 88' lang='lat' dir='ltr'><strong>eas</strong></span> <span class='ocrx_word' id='word_1_114' title='bbox 559 2233 629 2313; x_wconf 89' lang='lat' dir='ltr'><strong>lpse</strong></span> <span class='ocrx_word' id='word_1_115' title='bbox 649 2242 840 2297; x_wconf 86' lang='lat' dir='ltr'><strong>commentus</strong></span> <span class='ocrx_word' id='word_1_116' title='bbox 862 2235 920 2305; x_wconf 80' lang='lat' dir='ltr'><strong>slt3</strong></span> <span class='ocrx_word' id='word_1_117' title='bbox 949 2232 1010 2297; x_wconf 86' lang='lat' dir='ltr'><strong>nlsl</strong></span> <span class='ocrx_word' id='word_1_118' title='bbox 1030 2233 1114 2297; x_wconf 86' lang='lat' dir='ltr'><strong>forte</strong></span> <span class='ocrx_word' id='word_1_119' title='bbox 1135 2241 1226 2317; x_wconf 90' lang='lat' dir='ltr'><strong>putes</strong></span> <span class='ocrx_word' id='word_1_120' title='bbox 1245 2252 1414 2297; x_wconf 78' lang='lat' dir='ltr'><strong>erun-mero</strong></span> <span class='ocrx_word' id='word_1_121' title='bbox 1431 2233 1568 2294; x_wconf 86' lang='lat' dir='ltr'><strong>ludibrio</strong></span> 
     </span>
     <span class='ocr_line' id='line_1_17' title="bbox 487 2335 1583 2419; baseline 0.001 -21"><span class='ocrx_word' id='word_1_122' title='bbox 487 2337 625 2416; x_wconf 61' lang='lat' dir='ltr'><strong>legentes</strong></span> <span class='ocrx_word' id='word_1_123' title='bbox 654 2338 839 2417; x_wconf 83' lang='lat' dir='ltr'><strong>perturbare</strong></span> <span class='ocrx_word' id='word_1_124' title='bbox 860 2335 1012 2412; x_wconf 85' lang='lat' dir='ltr'><strong>voluisse,</strong></span> <span class='ocrx_word' id='word_1_125' title='bbox 1040 2335 1074 2399; x_wconf 88' lang='lat' dir='ltr'><strong>ld</strong></span> <span class='ocrx_word' id='word_1_126' title='bbox 1096 2339 1180 2417; x_wconf 87' lang='lat' dir='ltr'><strong>quod</strong></span> <span class='ocrx_word' id='word_1_127' title='bbox 1208 2358 1269 2401; x_wconf 90' lang='lat' dir='ltr'><strong>uon</strong></span> <span class='ocrx_word' id='word_1_128' title='bbox 1291 2338 1488 2419; x_wconf 82' lang='lat' dir='ltr'><strong>philosophi,</strong></span> <span class='ocrx_word' id='word_1_129' title='bbox 1511 2339 1583 2417; x_wconf 68' lang='lat' dir='ltr'><strong>sed⁸</strong></span> 
     </span>
     <span class='ocr_line' id='line_1_18' title="bbox 486 2439 1567 2522; baseline 0.001 -22"><span class='ocrx_word' id='word_1_130' title='bbox 486 2439 620 2500; x_wconf 90' lang='lat' dir='ltr'><strong>bominis</strong></span> <span class='ocrx_word' id='word_1_131' title='bbox 648 2443 728 2502; x_wconf 82' lang='lat' dir='ltr'><strong>male</strong></span> <span class='ocrx_word' id='word_1_132' title='bbox 754 2441 858 2503; x_wconf 85' lang='lat' dir='ltr'><strong>ieriotl</strong></span> <span class='ocrx_word' id='word_1_133' title='bbox 884 2441 979 2505; x_wconf 84' lang='lat' dir='ltr'><strong>foret.</strong></span> <span class='ocrx_word' id='word_1_134' title='bbox 1029 2440 1149 2503; x_wconf 80' lang='lat' dir='ltr'><strong>licinde</strong></span> <span class='ocrx_word' id='word_1_135' title='bbox 1174 2444 1264 2504; x_wconf 89' lang='lat' dir='ltr'><strong>Plato</strong></span> <span class='ocrx_word' id='word_1_136' title='bbox 1291 2442 1361 2522; x_wconf 89' lang='lat' dir='ltr'><strong>ipse</strong></span> <span class='ocrx_word' id='word_1_137' title='bbox 1381 2441 1567 2521; x_wconf 87' lang='lat' dir='ltr'><strong>aliquamdiu</strong></span> 
     </span>
     <span class='ocr_line' id='line_1_19' title="bbox 486 2532 1568 2626; baseline 0 -23"><span class='ocrx_word' id='word_1_138' title='bbox 486 2544 623 2605; x_wconf 87' lang='lat' dir='ltr'><strong>incertus</strong></span> <span class='ocrx_word' id='word_1_139' title='bbox 644 2545 782 2609; x_wconf 83' lang='lat' dir='ltr'><strong>haesisse</strong></span> <span class='ocrx_word' id='word_1_140' title='bbox 798 2545 936 2619; x_wconf 83' lang='lat' dir='ltr'><strong>uidetur,</strong></span> <span class='ocrx_word' id='word_1_141' title='bbox 962 2545 1130 2624; x_wconf 90' lang='lat' dir='ltr'><strong>quomodo</strong></span> <span class='ocrx_word' id='word_1_142' title='bbox 1147 2565 1184 2606; x_wconf 89' lang='lat' dir='ltr'><strong>ea</strong></span> <span class='ocrx_word' id='word_1_143' title='bbox 1205 2532 1285 2626; x_wconf 89' lang='lat' dir='ltr'><strong>quae</strong></span> <span class='ocrx_word' id='word_1_144' title='bbox 1302 2547 1385 2605; x_wconf 90' lang='lat' dir='ltr'><strong>iuter</strong></span> <span class='ocrx_word' id='word_1_145' title='bbox 1406 2563 1456 2607; x_wconf 83' lang='lat' dir='ltr'><strong>res</strong></span> <span class='ocrx_word' id='word_1_146' title='bbox 1476 2550 1568 2622; x_wconf 89' lang='lat' dir='ltr'><strong>atque</strong></span> 
     </span>
     <span class='ocr_line' id='line_1_20' title="bbox 487 2647 1568 2727; baseline 0.001 -21"><span class='ocrx_word' id='word_1_147' title='bbox 487 2647 575 2709; x_wconf 88' lang='lat' dir='ltr'><strong>ideas</strong></span> <span class='ocrx_word' id='word_1_148' title='bbox 606 2647 817 2708; x_wconf 80' lang='lat' dir='ltr'><strong>intercederet</strong></span> <span class='ocrx_word' id='word_1_149' title='bbox 847 2648 1022 2710; x_wconf 88' lang='lat' dir='ltr'><strong>coniunctio</strong></span> <span class='ocrx_word' id='word_1_150' title='bbox 1055 2648 1233 2727; x_wconf 86' lang='lat' dir='ltr'><strong>explicanda</strong></span> <span class='ocrx_word' id='word_1_151' title='bbox 1258 2653 1353 2709; x_wconf 89' lang='lat' dir='ltr'><strong>esset.</strong></span> <span class='ocrx_word' id='word_1_152' title='bbox 1404 2648 1480 2708; x_wconf 86' lang='lat' dir='ltr'><strong>Nam</strong></span> <span class='ocrx_word' id='word_1_153' title='bbox 1508 2647 1568 2708; x_wconf 83' lang='lat' dir='ltr'><strong>etsi</strong></span> 
     </span>
     <span class='ocr_line' id='line_1_21' title="bbox 487 2751 1567 2831; baseline -0.003 -17"><span class='ocrx_word' id='word_1_154' title='bbox 487 2757 608 2814; x_wconf 83' lang='lat' dir='ltr'><strong>mature</strong></span> <span class='ocrx_word' id='word_1_155' title='bbox 630 2752 688 2811; x_wconf 81' lang='lat' dir='ltr'><strong>sibi</strong></span> <span class='ocrx_word' id='word_1_156' title='bbox 711 2759 922 2830; x_wconf 82' lang='lat' dir='ltr'><strong>persuaserat,</strong></span> <span class='ocrx_word' id='word_1_157' title='bbox 943 2772 996 2813; x_wconf 89' lang='lat' dir='ltr'><strong>res</strong></span> <span class='ocrx_word' id='word_1_158' title='bbox 1016 2771 1053 2812; x_wconf 86' lang='lat' dir='ltr'><strong>ex</strong></span> <span class='ocrx_word' id='word_1_159' title='bbox 1075 2752 1154 2814; x_wconf 90' lang='lat' dir='ltr'><strong>ideis</strong></span> <span class='ocrx_word' id='word_1_160' title='bbox 1176 2752 1330 2831; x_wconf 86' lang='lat' dir='ltr'><strong>pendere,</strong></span> <span class='ocrx_word' id='word_1_161' title='bbox 1357 2756 1461 2811; x_wconf 87' lang='lat' dir='ltr'><strong>tamen</strong></span> <span class='ocrx_word' id='word_1_162' title='bbox 1483 2751 1567 2811; x_wconf 88' lang='lat' dir='ltr'><strong>istud</strong></span> 
     </span>
     <span class='ocr_line' id='line_1_22' title="bbox 487 2852 1568 2935; baseline 0.002 -22"><span class='ocrx_word' id='word_1_163' title='bbox 487 2855 586 2933; x_wconf 86' lang='lat' dir='ltr'><strong>ipsum</strong></span> <span class='ocrx_word' id='word_1_164' title='bbox 610 2856 701 2934; x_wconf 89' lang='lat' dir='ltr'><strong>quale</strong></span> <span class='ocrx_word' id='word_1_165' title='bbox 723 2862 821 2928; x_wconf 86' lang='lat' dir='ltr'><strong>esset,</strong></span> <span class='ocrx_word' id='word_1_166' title='bbox 845 2874 904 2917; x_wconf 93' lang='lat' dir='ltr'><strong>nou</strong></span> <span class='ocrx_word' id='word_1_167' title='bbox 921 2857 1067 2917; x_wconf 86' lang='lat' dir='ltr'><strong>continuo</strong></span> <span class='ocrx_word' id='word_1_168' title='bbox 1083 2855 1249 2935; x_wconf 85' lang='lat' dir='ltr'><strong>perspexit.</strong></span> <span class='ocrx_word' id='word_1_169' title='bbox 1293 2852 1462 2915; x_wconf 88' lang='lat' dir='ltr'><strong>Testantur</strong></span> <span class='ocrx_word' id='word_1_170' title='bbox 1475 2854 1568 2915; x_wconf 85' lang='lat' dir='ltr'><strong>buius</strong></span> 
     </span>
     <span class='ocr_line' id='line_1_23' title="bbox 488 2958 1569 3038; baseline 0.002 -21"><span class='ocrx_word' id='word_1_171' title='bbox 488 2959 642 3038; x_wconf 76' lang='lat' dir='ltr'><strong>opinionis</strong></span> <span class='ocrx_word' id='word_1_172' title='bbox 671 2964 797 3021; x_wconf 87' lang='lat' dir='ltr'><strong>nostrae</strong></span> <span class='ocrx_word' id='word_1_173' title='bbox 830 2959 992 3020; x_wconf 80' lang='lat' dir='ltr'><strong>ueritatem</strong></span> <span class='ocrx_word' id='word_1_174' title='bbox 1021 2960 1083 3020; x_wconf 89' lang='lat' dir='ltr'><strong>loci</strong></span> <span class='ocrx_word' id='word_1_175' title='bbox 1112 2958 1230 3020; x_wconf 84' lang='lat' dir='ltr'><strong>Pbileb.</strong></span> <span class='ocrx_word' id='word_1_176' title='bbox 1260 2976 1290 3035; x_wconf 88' lang='lat' dir='ltr'><strong>p.</strong></span> <span class='ocrx_word' id='word_1_177' title='bbox 1313 2959 1364 3018; x_wconf 81' lang='lat' dir='ltr'><strong>lt.</strong></span> <span class='ocrx_word' id='word_1_178' title='bbox 1387 2958 1421 3018; x_wconf 81' lang='lat' dir='ltr'><strong>C.</strong></span> <span class='ocrx_word' id='word_1_179' title='bbox 1439 2975 1506 3036; x_wconf 89' lang='lat' dir='ltr'><strong>sqq.</strong></span> <span class='ocrx_word' id='word_1_180' title='bbox 1537 2966 1569 3019; x_wconf 85' lang='lat' dir='ltr'><strong>et</strong></span> 
     </span>
     <span class='ocr_line' id='line_1_24' title="bbox 486 3059 1568 3143; baseline 0.001 -22"><span class='ocrx_word' id='word_1_181' title='bbox 486 3062 642 3123; x_wconf 85' lang='lat' dir='ltr'><strong>Phaedon.</strong></span> <span class='ocrx_word' id='word_1_182' title='bbox 666 3085 695 3143; x_wconf 86' lang='lat' dir='ltr'><strong>p.</strong></span> <span class='ocrx_word' id='word_1_183' title='bbox 714 3063 785 3125; x_wconf 77' lang='lat' dir='ltr'><strong>lot.</strong></span> <span class='ocrx_word' id='word_1_184' title='bbox 808 3062 843 3121; x_wconf 83' lang='lat' dir='ltr'><strong>l).</strong></span> <span class='ocrx_word' id='word_1_185' title='bbox 893 3062 962 3123; x_wconf 86' lang='lat' dir='ltr'><strong>Hoc</strong></span> <span class='ocrx_word' id='word_1_186' title='bbox 988 3061 1085 3139; x_wconf 72' lang='lat' dir='ltr'><strong>igitur</strong></span> <span class='ocrx_word' id='word_1_187' title='bbox 1112 3059 1390 3118; x_wconf 79' lang='lat' dir='ltr'><strong>animadvertentes</strong></span> <span class='ocrx_word' id='word_1_188' title='bbox 1418 3059 1481 3130; x_wconf 89' lang='lat' dir='ltr'><strong>illi,</strong></span> <span class='ocrx_word' id='word_1_189' title='bbox 1515 3062 1568 3139; x_wconf 92' lang='lat' dir='ltr'><strong>qui</strong></span> 
     </span>
     <span class='ocr_line' id='line_1_25' title="bbox 487 3161 1569 3240; baseline 0.002 -17"><span class='ocrx_word' id='word_1_190' title='bbox 487 3166 553 3225; x_wconf 85' lang='lat' dir='ltr'><strong>eius</strong></span> <span class='ocrx_word' id='word_1_191' title='bbox 582 3165 733 3224; x_wconf 83' lang='lat' dir='ltr'><strong>rationem</strong></span> <span class='ocrx_word' id='word_1_192' title='bbox 762 3162 994 3240; x_wconf 80' lang='lat' dir='ltr'><strong>improbabant,</strong></span> <span class='ocrx_word' id='word_1_193' title='bbox 1029 3166 1176 3240; x_wconf 89' lang='lat' dir='ltr'><strong>protenus</strong></span> <span class='ocrx_word' id='word_1_194' title='bbox 1209 3166 1334 3238; x_wconf 78' lang='lat' dir='ltr'><strong>argutas</strong></span> <span class='ocrx_word' id='word_1_195' title='bbox 1357 3161 1569 3239; x_wconf 81' lang='lat' dir='ltr'><strong>excogitarunt</strong></span> 
     </span>
     <span class='ocr_line' id='line_1_26' title="bbox 487 3261 1567 3344; baseline 0.003 -20"><span class='ocrx_word' id='word_1_196' title='bbox 487 3265 786 3343; x_wconf 77' lang='lat' dir='ltr'><strong>argumentationes,</strong></span> <span class='ocrx_word' id='word_1_197' title='bbox 809 3264 919 3341; x_wconf 91' lang='lat' dir='ltr'><strong>quibus</strong></span> <span class='ocrx_word' id='word_1_198' title='bbox 941 3265 1009 3324; x_wconf 91' lang='lat' dir='ltr'><strong>eius</strong></span> <span class='ocrx_word' id='word_1_199' title='bbox 1024 3261 1207 3323; x_wconf 84' lang='lat' dir='ltr'><strong>sententiam</strong></span> <span class='ocrx_word' id='word_1_200' title='bbox 1221 3263 1439 3328; x_wconf 87' lang='lat' dir='ltr'><strong>convellerent.</strong></span> <span class='ocrx_word' id='word_1_201' title='bbox 1484 3268 1567 3344; x_wconf 77' lang='lat' dir='ltr'><strong>Qtras</strong></span> 
     </span>
     <span class='ocr_line' id='line_1_27' title="bbox 486 3365 1570 3447; baseline 0.006 -21"><span class='ocrx_word' id='word_1_202' title='bbox 486 3367 568 3446; x_wconf 87' lang='lat' dir='ltr'><strong>ipsas</strong></span> <span class='ocrx_word' id='word_1_203' title='bbox 597 3369 628 3426; x_wconf 91' lang='lat' dir='ltr'><strong>lu</strong></span> <span class='ocrx_word' id='word_1_204' title='bbox 658 3366 719 3427; x_wconf 93' lang='lat' dir='ltr'><strong>boo</strong></span> <span class='ocrx_word' id='word_1_205' title='bbox 739 3385 883 3428; x_wconf 78' lang='lat' dir='ltr'><strong>sermone</strong></span> <span class='ocrx_word' id='word_1_206' title='bbox 905 3372 1046 3447; x_wconf 88' lang='lat' dir='ltr'><strong>putamus</strong></span> <span class='ocrx_word' id='word_1_207' title='bbox 1075 3384 1093 3425; x_wconf 94' lang='lat' dir='ltr'><strong>a</strong></span> <span class='ocrx_word' id='word_1_208' title='bbox 1124 3365 1313 3444; x_wconf 90' lang='lat' dir='ltr'><strong>philosopho</strong></span> <span class='ocrx_word' id='word_1_209' title='bbox 1335 3367 1411 3428; x_wconf 88' lang='lat' dir='ltr'><strong>sotis</strong></span> <span class='ocrx_word' id='word_1_210' title='bbox 1433 3369 1570 3433; x_wconf 87' lang='lat' dir='ltr'><strong>lideliter</strong></span> 
     </span>
     <span class='ocr_line' id='line_1_28' title="bbox 487 3467 1569 3553; baseline 0.005 -23"><span class='ocrx_word' id='word_1_211' title='bbox 487 3471 641 3550; x_wconf 84' lang='lat' dir='ltr'><strong>expositas</strong></span> <span class='ocrx_word' id='word_1_212' title='bbox 675 3488 744 3530; x_wconf 85' lang='lat' dir='ltr'><strong>esse</strong></span> <span class='ocrx_word' id='word_1_213' title='bbox 780 3479 872 3550; x_wconf 89' lang='lat' dir='ltr'><strong>atque</strong></span> <span class='ocrx_word' id='word_1_214' title='bbox 900 3477 1068 3531; x_wconf 71' lang='lat' dir='ltr'><strong>enarratas.</strong></span> <span class='ocrx_word' id='word_1_215' title='bbox 1130 3467 1269 3548; x_wconf 78' lang='lat' dir='ltr'><strong>lienique</strong></span> <span class='ocrx_word' id='word_1_216' title='bbox 1303 3489 1364 3531; x_wconf 92' lang='lat' dir='ltr'><strong>nou</strong></span> <span class='ocrx_word' id='word_1_217' title='bbox 1391 3481 1440 3534; x_wconf 89' lang='lat' dir='ltr'><strong>cst</strong></span> <span class='ocrx_word' id='word_1_218' title='bbox 1472 3477 1569 3553; x_wconf 76' lang='lat' dir='ltr'><strong>negli-</strong></span> 
     </span>
     <span class='ocr_line' id='line_1_29' title="bbox 486 3569 1569 3654; baseline 0.006 -20"><span class='ocrx_word' id='word_1_219' title='bbox 486 3575 639 3654; x_wconf 76' lang='lat' dir='ltr'><strong>gendum,</strong></span> <span class='ocrx_word' id='word_1_220' title='bbox 673 3574 755 3652; x_wconf 90' lang='lat' dir='ltr'><strong>quod</strong></span> <span class='ocrx_word' id='word_1_221' title='bbox 789 3569 991 3646; x_wconf 67' lang='lat' dir='ltr'><strong>Aristoteles,</strong></span> <span class='ocrx_word' id='word_1_222' title='bbox 1033 3578 1068 3633; x_wconf 88' lang='lat' dir='ltr'><strong>ut</strong></span> <span class='ocrx_word' id='word_1_223' title='bbox 1099 3590 1192 3650; x_wconf 86' lang='lat' dir='ltr'><strong>snpra</strong></span> <span class='ocrx_word' id='word_1_224' title='bbox 1227 3571 1372 3650; x_wconf 83' lang='lat' dir='ltr'><strong>uidimus,</strong></span> <span class='ocrx_word' id='word_1_225' title='bbox 1407 3580 1569 3640; x_wconf 89' lang='lat' dir='ltr'><strong>nonnullas</strong></span> 
     </span>
     <span class='ocr_line' id='line_1_30' title="bbox 487 3676 1567 3754; baseline -0.001 -14"><span class='ocrx_word' id='word_1_226' title='bbox 487 3680 615 3741; x_wconf 84' lang='lat' dir='ltr'><strong>istarum</strong></span> <span class='ocrx_word' id='word_1_227' title='bbox 649 3677 875 3738; x_wconf 89' lang='lat' dir='ltr'><strong>dubitationum</strong></span> <span class='ocrx_word' id='word_1_228' title='bbox 906 3677 938 3737; x_wconf 94' lang='lat' dir='ltr'><strong>in</strong></span> <span class='ocrx_word' id='word_1_229' title='bbox 973 3676 1234 3754; x_wconf 82' lang='lat' dir='ltr'><strong>disputationibus</strong></span> <span class='ocrx_word' id='word_1_230' title='bbox 1270 3677 1334 3737; x_wconf 90' lang='lat' dir='ltr'><strong>suls</strong></span> <span class='ocrx_word' id='word_1_231' title='bbox 1368 3685 1476 3739; x_wconf 87' lang='lat' dir='ltr'><strong>contra</strong></span> <span class='ocrx_word' id='word_1_232' title='bbox 1512 3681 1567 3739; x_wconf 93' lang='lat' dir='ltr'><strong>do-</strong></span> 
     </span>
     <span class='ocr_line' id='line_1_31' title="bbox 487 3780 1568 3862; baseline 0 -19"><span class='ocrx_word' id='word_1_233' title='bbox 487 3783 615 3843; x_wconf 86' lang='lat' dir='ltr'><strong>ctrinam</strong></span> <span class='ocrx_word' id='word_1_234' title='bbox 647 3782 787 3842; x_wconf 91' lang='lat' dir='ltr'><strong>idearum</strong></span> <span class='ocrx_word' id='word_1_235' title='bbox 818 3782 935 3843; x_wconf 87' lang='lat' dir='ltr'><strong>retulit.</strong></span> <span class='ocrx_word' id='word_1_236' title='bbox 991 3780 1082 3857; x_wconf 79' lang='lat' dir='ltr'><strong>Quod</strong></span> <span class='ocrx_word' id='word_1_237' title='bbox 1113 3780 1265 3841; x_wconf 87' lang='lat' dir='ltr'><strong>eiusmodi</strong></span> <span class='ocrx_word' id='word_1_238' title='bbox 1295 3786 1361 3856; x_wconf 85' lang='lat' dir='ltr'><strong>est,</strong></span> <span class='ocrx_word' id='word_1_239' title='bbox 1395 3789 1430 3842; x_wconf 91' lang='lat' dir='ltr'><strong>ut</strong></span> <span class='ocrx_word' id='word_1_240' title='bbox 1468 3784 1568 3862; x_wconf 86' lang='lat' dir='ltr'><strong>suspi-</strong></span> 
     </span>
     <span class='ocr_line' id='line_1_32' title="bbox 486 3883 1569 3966; baseline 0.001 -19"><span class='ocrx_word' id='word_1_241' title='bbox 486 3887 549 3947; x_wconf 77' lang='lat' dir='ltr'><strong>can</strong></span> <span class='ocrx_word' id='word_1_242' title='bbox 585 3891 670 3945; x_wconf 85' lang='lat' dir='ltr'><strong>certe</strong></span> <span class='ocrx_word' id='word_1_243' title='bbox 698 3884 806 3959; x_wconf 86' lang='lat' dir='ltr'><strong>liceat,</strong></span> <span class='ocrx_word' id='word_1_244' title='bbox 847 3885 1025 3965; x_wconf 79' lang='lat' dir='ltr'><strong>Stagiritam</strong></span> <span class='ocrx_word' id='word_1_245' title='bbox 1061 3883 1203 3964; x_wconf 87' lang='lat' dir='ltr'><strong>quidem,</strong></span> <span class='ocrx_word' id='word_1_246' title='bbox 1235 3886 1300 3946; x_wconf 78' lang='lat' dir='ltr'><strong>sire</strong></span> <span class='ocrx_word' id='word_1_247' title='bbox 1334 3888 1475 3966; x_wconf 77' lang='lat' dir='ltr'><strong>neglecta</strong></span> <span class='ocrx_word' id='word_1_248' title='bbox 1504 3887 1569 3948; x_wconf 80' lang='lat' dir='ltr'><strong>nive</strong></span> 
     </span>
     <span class='ocr_line' id='line_1_33' title="bbox 485 3988 1568 4068; baseline -0.002 -17"><span class='ocrx_word' id='word_1_249' title='bbox 485 4008 546 4051; x_wconf 92' lang='lat' dir='ltr'><strong>non</strong></span> <span class='ocrx_word' id='word_1_250' title='bbox 575 3989 649 4049; x_wconf 82' lang='lat' dir='ltr'><strong>satis</strong></span> <span class='ocrx_word' id='word_1_251' title='bbox 677 3996 823 4067; x_wconf 82' lang='lat' dir='ltr'><strong>percepta</strong></span> <span class='ocrx_word' id='word_1_252' title='bbox 850 3989 1014 4050; x_wconf 86' lang='lat' dir='ltr'><strong>subtiliore</strong></span> <span class='ocrx_word' id='word_1_253' title='bbox 1045 3988 1185 4068; x_wconf 71' lang='lat' dir='ltr'><strong>magistri</strong></span> <span class='ocrx_word' id='word_1_254' title='bbox 1219 3989 1376 4063; x_wconf 86' lang='lat' dir='ltr'><strong>doctrina,</strong></span> <span class='ocrx_word' id='word_1_255' title='bbox 1411 4008 1464 4049; x_wconf 86' lang='lat' dir='ltr'><strong>eas</strong></span> <span class='ocrx_word' id='word_1_256' title='bbox 1499 4008 1568 4066; x_wconf 87' lang='lat' dir='ltr'><strong>par-</strong></span> 
     </span>
     <span class='ocr_line' id='line_1_34' title="bbox 485 4092 1568 4171; baseline -0.001 -17"><span class='ocrx_word' id='word_1_257' title='bbox 485 4094 541 4154; x_wconf 89' lang='lat' dir='ltr'><strong>tim</strong></span> <span class='ocrx_word' id='word_1_258' title='bbox 563 4098 684 4153; x_wconf 88' lang='lat' dir='ltr'><strong>mutuas</strong></span> <span class='ocrx_word' id='word_1_259' title='bbox 706 4092 853 4153; x_wconf 86' lang='lat' dir='ltr'><strong>sumsisse</strong></span> <span class='ocrx_word' id='word_1_260' title='bbox 875 4093 913 4153; x_wconf 96' lang='lat' dir='ltr'><strong>ab</strong></span> <span class='ocrx_word' id='word_1_261' title='bbox 935 4093 995 4166; x_wconf 84' lang='lat' dir='ltr'><strong>iis,</strong></span> <span class='ocrx_word' id='word_1_262' title='bbox 1029 4093 1081 4171; x_wconf 93' lang='lat' dir='ltr'><strong>qui</strong></span> <span class='ocrx_word' id='word_1_263' title='bbox 1102 4093 1163 4153; x_wconf 90' lang='lat' dir='ltr'><strong>iam</strong></span> <span class='ocrx_word' id='word_1_264' title='bbox 1186 4093 1284 4171; x_wconf 87' lang='lat' dir='ltr'><strong>ipsius</strong></span> <span class='ocrx_word' id='word_1_265' title='bbox 1305 4092 1443 4154; x_wconf 87' lang='lat' dir='ltr'><strong>Platonis</strong></span> <span class='ocrx_word' id='word_1_266' title='bbox 1466 4099 1568 4153; x_wconf 89' lang='lat' dir='ltr'><strong>aetate</strong></span> 
     </span>
     <span class='ocr_line' id='line_1_35' title="bbox 487 4196 1569 4276; baseline -0.002 -18"><span class='ocrx_word' id='word_1_267' title='bbox 487 4198 527 4259; x_wconf 90' lang='lat' dir='ltr'><strong>de</strong></span> <span class='ocrx_word' id='word_1_268' title='bbox 549 4196 659 4257; x_wconf 88' lang='lat' dir='ltr'><strong>eodem</strong></span> <span class='ocrx_word' id='word_1_269' title='bbox 681 4202 862 4274; x_wconf 78' lang='lat' dir='ltr'><strong>argumento</strong></span> <span class='ocrx_word' id='word_1_270' title='bbox 885 4196 1135 4276; x_wconf 81' lang='lat' dir='ltr'><strong>disputavisseut.</strong></span> <span class='ocrx_word' id='word_1_271' title='bbox 1157 4226 1160 4230; x_wconf 41' lang='lat'>*</span> <span class='ocrx_word' id='word_1_272' title='bbox 1180 4197 1282 4276; x_wconf 83' lang='lat' dir='ltr'><strong>Atque</strong></span> <span class='ocrx_word' id='word_1_273' title='bbox 1299 4196 1360 4257; x_wconf 91' lang='lat' dir='ltr'><strong>boo</strong></span> <span class='ocrx_word' id='word_1_274' title='bbox 1373 4215 1410 4256; x_wconf 92' lang='lat' dir='ltr'><strong>eo</strong></span> <span class='ocrx_word' id='word_1_275' title='bbox 1428 4200 1475 4254; x_wconf 86' lang='lat' dir='ltr'><strong>est</strong></span> <span class='ocrx_word' id='word_1_276' title='bbox 1489 4197 1569 4256; x_wconf 84' lang='lat' dir='ltr'><strong>veri-</strong></span> 
     </span>
     <span class='ocr_line' id='line_1_36' title="bbox 486 4298 1569 4381; baseline 0.003 -22"><span class='ocrx_word' id='word_1_277' title='bbox 486 4300 632 4371; x_wconf 81' lang='lat' dir='ltr'><strong>similius,</strong></span> <span class='ocrx_word' id='word_1_278' title='bbox 668 4298 871 4381; x_wconf 85' lang='lat' dir='ltr'><strong>quodetiam</strong></span> <span class='ocrx_word' id='word_1_279' title='bbox 900 4301 1011 4364; x_wconf 83' lang='lat' dir='ltr'><strong>Sextus</strong></span> <span class='ocrx_word' id='word_1_280' title='bbox 1038 4300 1215 4379; x_wconf 76' lang='lat' dir='ltr'><strong>Empiricus</strong></span> <span class='ocrx_word' id='word_1_281' title='bbox 1249 4318 1342 4361; x_wconf 91' lang='lat' dir='ltr'><strong>unum</strong></span> <span class='ocrx_word' id='word_1_282' title='bbox 1375 4298 1569 4378; x_wconf 86' lang='lat' dir='ltr'><strong>alterumque</strong></span> 
     </span>
     <span class='ocr_line' id='line_1_37' title="bbox 487 4399 1569 4482; baseline 0.004 -23"><span class='ocrx_word' id='word_1_283' title='bbox 487 4401 597 4463; x_wconf 85' lang='lat' dir='ltr'><strong>eodem</strong></span> <span class='ocrx_word' id='word_1_284' title='bbox 632 4399 701 4460; x_wconf 86' lang='lat' dir='ltr'><strong>fere</strong></span> <span class='ocrx_word' id='word_1_285' title='bbox 728 4399 821 4460; x_wconf 91' lang='lat' dir='ltr'><strong>modo</strong></span> <span class='ocrx_word' id='word_1_286' title='bbox 850 4402 963 4482; x_wconf 79' lang='lat' dir='ltr'><strong>tetigit.</strong></span> <span class='ocrx_word' id='word_1_287' title='bbox 1014 4403 1076 4466; x_wconf 86' lang='lat' dir='ltr'><strong>Sed</strong></span> <span class='ocrx_word' id='word_1_288' title='bbox 1105 4411 1141 4466; x_wconf 89' lang='lat' dir='ltr'><strong>nt</strong></span> <span class='ocrx_word' id='word_1_289' title='bbox 1176 4409 1367 4482; x_wconf 84' lang='lat' dir='ltr'><strong>postremum</strong></span> <span class='ocrx_word' id='word_1_290' title='bbox 1396 4406 1569 4465; x_wconf 87' lang='lat' dir='ltr'><strong>sententiae</strong></span> 
     </span>
     <span class='ocr_line' id='line_1_38' title="bbox 487 4503 1567 4583; baseline 0.004 -20"><span class='ocrx_word' id='word_1_291' title='bbox 487 4508 611 4563; x_wconf 85' lang='lat' dir='ltr'><strong>nostrae</strong></span> <span class='ocrx_word' id='word_1_292' title='bbox 634 4508 846 4581; x_wconf 77' lang='lat' dir='ltr'><strong>sagrimentum</strong></span> <span class='ocrx_word' id='word_1_293' title='bbox 869 4503 1023 4569; x_wconf 82' lang='lat' dir='ltr'><strong>infirmum</strong></span> <span class='ocrx_word' id='word_1_294' title='bbox 1046 4507 1104 4581; x_wconf 86' lang='lat' dir='ltr'><strong>ait,</strong></span> <span class='ocrx_word' id='word_1_295' title='bbox 1134 4506 1212 4567; x_wconf 91' lang='lat' dir='ltr'><strong>illud</strong></span> <span class='ocrx_word' id='word_1_296' title='bbox 1234 4504 1360 4583; x_wconf 90' lang='lat' dir='ltr'><strong>quidem</strong></span> <span class='ocrx_word' id='word_1_297' title='bbox 1382 4507 1567 4567; x_wconf 76' lang='lat' dir='ltr'><strong>verisimilli-</strong></span> 
     </span>
     <span class='ocr_line' id='line_1_39' title="bbox 449 4607 1567 4691; baseline -0.002 -21"><span class='ocrx_word' id='word_1_298' title='bbox 449 4608 452 4615; x_wconf 81' lang='grc'>’</span> <span class='ocrx_word' id='word_1_299' title='bbox 487 4625 569 4672; x_wconf 83' lang='lat' dir='ltr'><strong>mum</strong></span> <span class='ocrx_word' id='word_1_300' title='bbox 600 4626 670 4667; x_wconf 78' lang='lat' dir='ltr'><strong>esse</strong></span> <span class='ocrx_word' id='word_1_301' title='bbox 694 4613 852 4686; x_wconf 86' lang='lat' dir='ltr'><strong>putamus,</strong></span> <span class='ocrx_word' id='word_1_302' title='bbox 885 4608 1045 4675; x_wconf 85' lang='lat' dir='ltr'><strong>Platonem</strong></span> <span class='ocrx_word' id='word_1_303' title='bbox 1067 4627 1130 4671; x_wconf 85' lang='lat' dir='ltr'><strong>non</strong></span> <span class='ocrx_word' id='word_1_304' title='bbox 1150 4607 1252 4688; x_wconf 81' lang='lat' dir='ltr'><strong>ipsunt</strong></span> <span class='ocrx_word' id='word_1_305' title='bbox 1274 4611 1468 4691; x_wconf 78' lang='lat' dir='ltr'><strong>excogitasse</strong></span> <span class='ocrx_word' id='word_1_306' title='bbox 1490 4626 1567 4690; x_wconf 88' lang='lat' dir='ltr'><strong>quac</strong></span> 
     </span>
    </p>
   </div>
   <div class='ocr_carea' id='block_1_3' title="bbox 0 0 1896 5442">
    <p class='ocr_par' dir='ltr' id='par_1_4' title="bbox 0 0 1896 5442">
     <span class='ocr_line' id='line_1_40' title="bbox 0 0 1896 5442; baseline 0 0"><span class='ocrx_word' id='word_1_307' title='bbox 0 0 1896 5442; x_wconf 95' lang='lat' dir='ltr'><strong> </strong></span> 
     </span>
    </p>
   </div>
  </div>
 </body>
</html>
