3775 5442
460 630 524 695 lt·
739 711 743 720 Ι
774 626 861 687 liber
884 629 1002 705 primns.
1045 625 1146 686 Sectis
1170 627 1223 688 ΙΧ.

461 799 633 880 simplicius
654 800 849 861 enuntiemus
879 805 973 878 utque
999 800 1129 880 plenius.
1180 800 1329 862 Putamus
1356 798 1455 878 igitur
1481 815 1551 859 seu-

462 903 590 966 tentlsm
613 901 740 963 illorum
763 901 833 963 iero
854 903 916 964 huc
935 902 1050 964 redire.

547 1004 680 1067 linietis
702 1023 853 1085 corpores
874 1024 974 1085 esque
995 1007 1098 1081 iiuits,
1127 1004 1188 1064 etsi
1210 1011 1320 1065 ustiure
1346 1024 1403 1068 sus
1429 1004 1552 1066 diverse

462 1116 513 1172 est
540 1129 558 1168 u
583 1127 703 1171 summu
729 1108 783 1169 illu
810 1107 895 1183 ides,
918 1127 997 1188 quise
1019 1109 1156 1188 singulus
1177 1107 1295 1169 formes
1316 1114 1410 1188 atquc
1430 1107 1551 1188 species

461 1212 496 1275 in
515 1230 551 1274 se
573 1211 806 1290 complectitur,
829 1210 1079 1290 quondoquidem
1107 1229 1145 1271 en
1166 1229 1228 1273 non
1259 1210 1400 1291 perfecte
1420 1229 1481 1272 uun
1502 1218 1551 1272 est

463 1320 559 1395 mque
578 1313 724 1394 simplex,
758 1314 816 1375 sed
837 1312 947 1374 rudem
968 1312 1217 1393 indigestumque
1237 1314 1350 1374 molem
1373 1313 1550 1384 coustituit;

463 1425 567 1481 temen
588 1417 714 1479 uniists‘s
735 1415 964 1496 quodammodo
986 1435 1080 1496 capax
1102 1419 1151 1478 est
1171 1420 1264 1496 sique
1284 1416 1449 1498 particeps.
1493 1416 1550 1477 Et-

465 1522 546 1585 enim
570 1525 720 1600 quslenus
749 1537 787 1580 en
807 1538 865 1599 per
888 1518 994 1582 iinltne
1015 1515 1137 1592 οὐσίας,
1151 1519 1213 1580 vim
1233 1519 1398 1581 terminum
1420 1521 1550 1599 occepit,

464 1630 557 1704 stunc
578 1628 678 1685 totum
700 1607 1020 1702 quoddnm'coniiclt,
1041 1621 1176 1702 ideoque
1198 1622 1230 1683 in
1249 1629 1368 1684 certum
1386 1624 1550 1703 quemdum

465 1726 606 1791 mlum
635 1732 730 1803 utque
760 1725 892 1788 iormsm
915 1725 1072 1804 descripts
1092 1742 1164 1788 esse
1185 1727 1358 1806 copiatum,
1388 1744 1479 1789 uento
1502 1733 1552 1789 est

465 1831 539 1913 quin
560 1849 628 1892 esm
650 1831 777 1891 unitate
797 1827 935 1910 gsurlere
956 1827 1114 1907 lespiciunt.
1157 1827 1281 1908 Quippe
1307 1835 1339 1890 ct
1361 1835 1463 1890 totum
1484 1831 1552 1891 sirus

464 1951 559 1997 nnsm
581 1938 648 2007 est,
678 1930 927 2011 quondoquidem
948 1930 980 1991 in
1001 1929 1110 1991 snimis
1131 1930 1248 1992 nocuis
1267 1929 1347 1991 hunc
1363 1950 1469 1993 rerum
1483 1934 1552 1994 uni-

467 2036 647 2099 serslistern
669 2033 767 2096 oculis
796 2034 965 2096 subiectum
987 2037 1142 2112 umquem
1162 2051 1260 2093 mrum
1281 2032 1431 2114 quiddam
1452 2036 1551 2099 iniur-

464 2157 600 2212 rnsrnus,
635 2141 669 2197 et
696 2156 900 2219 unaquaeque
927 2136 997 2197 eius
1018 2153 1098 2216 pure
1123 2140 1216 2214 utque
1244 2136 1346 2197 iormn
1367 2156 1481 2218 perse
1502 2147 1552 2202 est

465 2241 624 2313 nbolute,
658 2239 731 2317 quin
756 2239 946 2320 singolorum
974 2257 1080 2303 rerum
1106 2240 1359 2319 ndspecinbilium
1382 2259 1474 2302 unum
1495 2246 1551 2305 sli-

465 2364 557 2427 qnsm
569 2342 704 2424 speeiem
717 2349 820 2405 mente
835 2348 928 2423 etque
939 2340 1039 2403 oculis
1051 2342 1343 2422 comprehendimus
1358 2344 1402 2422 *).
1446 2345 1552 2407 Nilulio

465 2447 567 2511 secius
588 2449 691 2507 nutem
712 2463 878 2525 corporum
899 2444 1044 2520 muteris,
1067 2445 1133 2507 sive
1153 2450 1253 2507 totum
1271 2446 1338 2506 sire
1356 2454 1462 2527 partes
1484 2449 1551 2510 eius

465 2549 665 2628 suspicimus,
695 2548 734 2607 su
755 2547 824 2628 lpso
846 2567 925 2623 uuo,
955 2547 1016 2610 hoc
1037 2554 1086 2610 est
1107 2548 1145 2609 nb
1167 2548 1255 2624 ides,
1277 2550 1407 2611 multum
1428 2550 1553 2612 diverse

465 2657 585 2727 menet,
615 2652 759 2732 quonium
785 2669 849 2714 nou
875 2652 943 2732 ipss
970 2657 1020 2714 est
1044 2650 1133 2726 ides,
1166 2652 1223 2713 sed
1250 2652 1327 2713 ninii
1349 2651 1409 2713 nisi
1429 2652 1461 2714 in
1481 2653 1550 2715 cine

465 2756 549 2817 senii
581 2753 733 2834 quonism
771 2755 1026 2818 communionem.
1081 2755 1204 2817 Etenim
1240 2773 1292 2817 res
1327 2755 1551 2835 suspectsbiies

466 2858 635 2925 secondum
656 2857 794 2921 Plutonis
816 2859 999 2921 sententium
1022 2879 1040 2920 s
1061 2857 1258 2940 generalibus
1285 2860 1397 2921 meritis
1418 2859 1553 2921 notioni-

466 2961 542 3036 bus,
575 2962 650 3024 lieet
677 2960 727 3024 isis
754 2980 878 3043 quoque
898 2969 1026 3024 exterus
1046 2962 1159 3023 vesitus
1182 2961 1223 3023 sit
1244 2962 1426 3039 tribuentis,
1448 2968 1552 3025 tumen

466 3064 632 3145 plurimum
654 3063 811 3128 dliicruut
854 3066 979 3147 Quippe
997 3064 1172 3145 'corporum
1195 3066 1324 3127 muteris
1346 3085 1403 3146 per
1423 3084 1458 3129 ss
1481 3086 1551 3146 spe-

467 3170 549 3229 ntsts
574 3185 636 3228 nou
664 3166 759 3229 hebet
785 3186 890 3229 verum
917 3169 1099 3241 essentium,
1134 3158 1192 3228 sed
1218 3168 1262 3227 its
1289 3173 1406 3231 tuntum
1428 3169 1459 3231 in
1481 3169 1551 3230 elus

467 3267 648 3331 sedentem
671 3271 820 3348 mnndum
843 3270 927 3331 vonit
948 3274 981 3329 ct
1001 3269 1261 3345 communionem,
1295 3271 1324 3333 si
1350 3272 1389 3333 si
1410 3272 1551 3334 idearum

468 3372 641 3451 exemplum
663 3373 833 3447 evolvitur,
862 3369 1090 3448 conformatus,
1122 3371 1316 3452 disponitur,
1338 3375 1403 3438 sies
1424 3375 1457 3436 id
1480 3394 1550 3455 pss-

467 3474 647 3555 ticipntiouc
675 3477 777 3557 ulique
803 3475 872 3535 iisri
899 3473 1065 3536 dicendum
1091 3478 1149 3549 sit,
1184 3478 1250 3537 sive
1284 3478 1343 3539 uiis
1371 3492 1552 3558 quecunque

467 3578 598 3641 nonne
646 3579 693 3641 lle
722 3596 782 3658 que
813 3595 850 3638 re
883 3575 1085 3641 l'srmouides
1116 3580 1184 3659 ipsc
1213 3598 1243 3659 p.
1266 3581 1336 3643 157.
1358 3581 1393 3642 (3.
1423 3580 1494 3643 loe.
1514 3581 1550 3642 A.

467 3688 590 3755 monet,
634 3682 816 3761 quibuscum
848 3681 1017 3745 contendas
1053 3682 1289 3745 celeberrimum
1324 3686 1412 3747 illum
1448 3685 1549 3746 locum

466 3782 644 3853 Phaenonis
663 3803 694 3864 p.
714 3783 783 3842 1⁰⁰.
806 3780 842 3844 l).
886 3784 973 3862 Ques
995 3800 1087 3863 quum
1109 3784 1153 3844 ite
1174 3784 1252 3860 siut,
1275 3795 1347 3860 τοῖς
1368 3779 1483 3859 ἄλλοις
1504 3787 1550 3846 vi-

467 3887 578 3955 riemus
598 3893 727 3950 esium
739 3884 845 3948 tribui
867 3885 1032 3960 unitntem,
1054 3893 1205 3965 quotenus
1234 3887 1321 3951 fluite
1341 3886 1477 3949 cessisse
1498 3907 1551 3950 co-

466 3989 621 4071 pentum
653 4006 724 4051 nsnr
752 3987 831 4049 huuc
858 3988 957 4067 ipsum
986 3987 1027 4049 ob
1055 4007 1195 4052 csussnm
1223 3990 1398 4052 terminum.
1416 3989 1551 4053 unumst

465 4105 594 4156 ”oense
615 4099 679 4165 est,
702 4092 788 4154 num
808 4092 984 4154 accessione
1003 4091 1103 4152 uultur
1117 4110 1225 4159 corum
1238 4092 1386 4173 qusednm
1399 4092 1552 4172 portium-

466 4202 527 4272 qus
548 4193 759 4257 convenientis
781 4194 942 4255 eliciatur.

473 4350 477 4361 .
551 4298 653 4374 Quum
674 4314 748 4359 vero
769 4297 813 4357 ita
835 4296 941 4357 dicere
962 4295 1054 4356 licent
1077 4289 1118 4357 τὰ
1141 4288 1229 4361 ἄλλα
1250 4296 1369 4360 hebere
1389 4299 1551 4374 unitatem,

466 4397 712 4477 quondoquidem
735 4400 763 4462 si
784 4397 870 4459 fluite
891 4414 963 4460 esse
983 4398 1174 4479 cogitentur,
1196 4405 1262 4463 tum
1275 4402 1414 4482 singulte
1426 4420 1477 4466 res
1492 4402 1549 4466 surb

532 4614 556 4678 ⁴>
574 4613 602 4663 c.
620 4610 682 4663 sur.
701 4614 731 4664 s.
754 4641 783 4655 ·
798 4614 830 4665 u.
