3775 5442
492 648 556 711 θδδ
741 637 914 700 Pnocm
944 631 1323 699 COMMENTARIUS

493 835 558 896 ὅλον
577 834 625 892 καλ
644 831 675 891 τό
697 835 777 910 μέρος
797 826 862 889 ὅντα
883 853 942 896 πας
964 828 1035 886 ἔστιν
1053 825 1073 900 ἢ
1093 821 1167 885 καθ’
1188 824 1304 903 ὕπαρξιν
1323 824 1343 898 οἳ
1366 823 1438 884 κατέ
1456 830 1581 901 μέθιξα,

493 935 646 1016 παράγεται
672 940 720 1011 μέν
746 935 793 992 καλ
820 934 907 991 ταῦτα
928 936 957 990 λιι
978 931 1028 990 τοτῖ
1055 925 1128 999 ένός,
1158 926 1225 987 αἰλλοῖ
1253 930 1302 988 καλ
1329 925 1387 1001 τἰπό
1409 929 1456 1003 ’τῆς
1474 928 1582 1001 οὐσίας,

495 1046 569 1118 εἴπερ
590 1045 630 1113 εἴη
650 1038 681 1097 τό
703 1038 767 1097 ὅλον
786 1037 842 1096 τοῖν
862 1031 947 1095 όντων
968 1034 1015 1092 καλ
1034 1030 1066 1090 τό
1087 1034 1177 1110 μέρος.
1201 1031 1288 1100 οὕτως
1309 1021 1360 1091 οτῖν
1381 1030 1581 1112 όΠτρμτνέδης

495 1144 584 1220 ἔλεγεν
603 1147 632 1200 ἐν
651 1142 689 1218 τρῖ
709 1141 750 1200 λνλ
771 1135 829 1198 όντι
849 1139 935 1197 ταιῖτα
956 1138 1110 1213 τιθέμενος,
1132 1135 1195 1193 ὅλον
1217 1133 1283 1195 αὸτό
1307 1138 1395 1213 λέχαν
1418 1133 1528 1198 ελοαιτέ
1547 1139 1580 1200 ὅν

494 1244 528 1306 ὅν
549 1247 595 1304 καλ
615 1248 680 1323 μέρη
702 1244 784 1316 ἔχειν,
815 1243 862 1301 καλ
882 1241 913 1301 τό
934 1245 983 1317 μέν
1004 1238 1036 1299 ὅν
1056 1238 1106 1298 τστῖ
1126 1237 1184 1305 ένός
1205 1235 1322 1314 ἐξάψας,
1357 1240 1391 1298 τό
1414 1242 1445 1301 δέ
1466 1241 1535 1303 ὅλον
1554 1248 1582 1300 λν

495 1349 534 1426 τρῖ
555 1343 613 1406 όντι
632 1347 671 1406 λνλ
691 1345 808 1424 θεωρεῖν
828 1349 876 1403 καέ
893 1369 919 1403 τι
938 1345 976 1422 τῷ
998 1339 1055 1402 όντι
1079 1342 1145 1401 ὅλον
1165 1341 1253 1402 ποιοῖν
1273 1339 1394 1410 εἰκότας.
1423 1343 1516 1404 πάντα
1535 1349 1582 1422 μέν

497 1443 568 1529 μα’ρ,
591 1449 644 1509 ὅσα
664 1447 790 1522 ὁλότητος
811 1446 960 1514 οὖσιοῖδους
979 1448 1098 1522 μετέχει,
1119 1443 1204 1503 ταῦτα
1225 1446 1273 1503 καὶ
1294 1442 1407 1514 οδσέας·
1439 1445 1473 1508 οδ
1494 1446 1582 1508 πέντε

450 1553 493 1612 77
502 1555 544 1623 δέ,
575 1553 628 1612 ὅσα
650 1550 759 1621 οὸσλας,
784 1553 871 1611 ταῦτα
893 1553 939 1610 καὶ
962 1549 1095 1624 όλότητος.
1140 1545 1209 1606 αὸτά
1229 1549 1300 1625 γοῦν
1321 1548 1357 1607 τό
1379 1552 1448 1629 μέρη
1468 1553 1516 1624 τῆς
1535 1550 1584 1613 οδ-

498 1659 558 1724 σέας
565 1702 573 1727 ,
602 1655 678 1715 ναθό
705 1659 771 1734 μέρη
800 1657 856 1714 aar>
880 1658 1022 1733 μετέχοντα
1048 1653 1095 1727 τής
1121 1647 1229 1724 οτῖσλας,
1258 1649 1391 1725 ὁλότητος
1419 1652 1451 1714 οὗ
1471 1659 1582 1732 μετέχει,

499 1761 578 1820 καθδ
605 1756 717 1818 τοιοῦτό
744 1764 830 1818 έστιν·
860 1757 884 1816 εἶ
904 1760 933 1817 δέ
953 1759 1003 1819 τοιῖ
1024 1759 1142 1815 ἐπέκεινα
1169 1756 1217 1828 τῆς
1245 1752 1400 1824 οὖσιοῖδους
1421 1755 1582 1834 δλότητοςή

499 1967 544 2040 σλρ
564 1962 670 2024 ταύτόν.
698 1964 770 2024 οιῖτοι
791 1966 820 2023 δέ
841 1966 888 2022 καλ
908 1968 992 2032 εἴτις
1011 1962 1127 2036 ένοειδής
1148 1968 1217 2021 ἐστιν
1237 1961 1347 2036 όλότης,
1370 1967 1475 2039 μετέχει
1487 1962 1515 2045 4)
1537 1968 1583 2026 τοῦ

497 2064 569 2138 (mk,
598 2067 629 2132 τό
658 2070 687 2125 δέ
707 2073 805 2128 ένιαῒον
831 2071 924 2145 μέρος·
954 2065 1020 2126 ὅλλδ
1047 2057 1142 2145 μήνῆ
1163 2063 1293 2134 οὖσιοῖδές
1314 2072 1372 2125 ἐστι
1394 2067 1427 2125 τό
1448 2067 1517 2127 ὅλον
1535 2071 1581 2128 καλ

498 2172 578 2246 μέρος
598 2168 616 2242 ἢ
636 2176 750 2229 ἑνιαῖον·
779 2171 834 2228 ἔστι
859 2170 915 2246 γόρ
939 2172 987 2228 καὶ
1015 2176 1044 2230 ἐν
1070 2177 1129 2237 ταῖς
1158 2169 1261 2237 οὖσίαις
1288 2171 1336 2228 καὶ
1364 2175 1396 2229 έν
1417 2177 1478 2238 ταῖς
1497 2170 1583 2232 ένόσιτ

500 2269 568 2329 ὅλον
588 2273 635 2330 καλ
654 2274 747 2348 μέρος·
790 2271 821 2330 τό
845 2266 899 2350 οῖρα
920 2273 950 2332 ἓν
970 2277 1089 2333 ἐπέκεινα
1110 2274 1161 2335 τοτῖ
1187 2273 1251 2333 ὅλου
1273 2274 1321 2332 καλ
1341 2275 1443 2353 μέρους
1465 2277 1512 2335 καλ
1531 2279 1584 2336 τοῖν

501 2369 641 2434 σοῖσιοιδοῖν
661 2376 708 2433 καλ
728 2363 782 2433 τοῖν
802 2379 927 2449 ένιαέοιν,
957 2377 1005 2434 καὶ
1030 2376 1111 2439 τοῦτο
1139 2375 1223 2455 μόνον
1229 2422 1238 2446 ,
1269 2374 1337 2435 ἄλλό
1366 2380 1414 2436 καὶ
1441 2378 1479 2437 τό
1500 2381 1583 2441 πολλοὶ

451 2537 454 2540 ,
498 2477 591 2538 τοῦτο
605 2477 671 2539 ὅλου
688 2475 859 2556 προΰπόρχει
880 2480 927 2537 καλ
947 2479 1001 2538 τοῖν
1020 2479 1118 2556 μεροῖν,
1139 2479 1262 2558 ἑκάτερον
1284 2477 1397 2540 πόντιον
1414 2481 1503 2542 πολλοὶ
1522 2485 1582 2551 τεοῖς

499 2581 570 2641 ὅστιν
591 2579 627 2649 οῖς
647 2583 827 2661 δελξομεν4)·
857 2578 924 2640 όλλδ
943 2581 997 2658 μήν
1016 2583 1051 2641 τό
1072 2583 1158 2642 πολλὰ
1179 2584 1211 2641 τό
1233 2581 1349 2661 πρώτοις
1367 2589 1507 2658 ληφθέντα
1528 2583 1582 2662 μό·

498 2706 549 2745 νου
568 2689 670 2761 μετέχει
690 2684 740 2746 τοτῖ
761 2677 835 2753 ένός·
874 2690 994 2744 έπέκεινα
1016 2682 1070 2764 ὅρα
1090 2687 1124 2746 τολ
1145 2686 1231 2746 πολλοὶ
1253 2688 1305 2747 τοτῖ
1325 2710 1354 2746 τε
1374 2687 1439 2748 ὅλου
1461 2691 1511 2748 καὶ
1531 2685 1583 2747 τόν

497 2789 596 2866 μεροῖν.
639 2786 723 2867 ταύτῃ
735 2787 769 2868 4)
789 2791 840 2864 μέν
860 2779 910 2850 οὖν
931 2791 978 2849 καλ
998 2789 1029 2848 τό
1052 2792 1167 2850 δεικτέον
1186 2787 1256 2864 ήμῖν.
1287 2793 1406 2849 θεατέον
1419 2792 1451 2848 δέ
1465 2791 1514 2864 τήν
1534 2793 1582 2851 τοῖν

498 2889 660 2958 ότιοδεέξεων
680 2891 783 2954 τούτων
804 2888 951 2966 ἇλήθειανῤ
979 2894 1024 2950 καλ
1046 2893 1069 2951 εἲ
1091 2892 1175 2961 οὕτως
1196 2889 1346 2961 όποδείξεις
1368 2893 1434 2960 εἷσέ,
1459 2895 1581 2960 δείξαντα

498 2991 541 3052 ὅτι
561 2995 615 3053 πᾶν
637 2995 700 3054 ὅλον
721 2994 828 3063 πόντος
849 2994 958 3071 συνέχει
979 3020 1005 3055 τι
1025 2997 1144 3070 πλῆθος.
1188 2998 1264 3055 πόσα
1287 2987 1341 3057 οὖν
1363 2995 1464 3071 όλότης
1484 2995 1580 3064 πόντος

498 3096 613 3171 ὅμφασιν
633 3098 687 3167 ἔχει
706 3097 759 3157 τοῖν
781 3099 885 3158 οἶκελοτν
905 3100 1009 3178 μεροῖν·
1030 3098 1047 3173 ἦ
1059 3104 1109 3175 μέν
1128 3099 1182 3177 γὰρ
1203 3105 1232 3158 έν
1252 3101 1290 3177 τρῖ
1310 3103 1387 3178 μέρει
1413 3103 1461 3159 καλ
1480 3098 1582 3165 πόντος

498 3200 671 3257 συντέτακται
692 3199 762 3277 πρός
782 3202 813 3259 τό
834 3204 929 3279 μέρος,
960 3204 1007 3260 καλ
1029 3199 1062 3262 οδ
1082 3201 1165 3278 μόνον
1185 3203 1250 3261 όλον
1277 3205 1352 3261 ἐστὶν
1379 3201 1452 3263 ἄλλα
1473 3205 1518 3262 καλ
1538 3207 1581 3279 με’·

500 3319 561 3376 ρος·
596 3327 612 3372 η
604 3299 664 3359 ’δέ
684 3308 713 3360 έν
734 3305 788 3362 τοῖν
808 3306 897 3383 μεροῖν
918 3306 1142 3385 συμπεπλήροιται
1162 3313 1218 3373 τοῖς
1237 3307 1492 3434 ἑαυτοῖςὸιέρεσιν
1522 3334 1538 3381 η
1528 3306 1582 3364 δι

499 3423 531 3478 γε
553 3404 606 3481 πρό
628 3406 682 3463 τοῖν
701 3408 800 3484 μεροῖν
811 3407 860 3476 τός
881 3409 967 3477 αιτλας
988 3411 1041 3481 ἔχει
1050 3413 1082 3489 4)
1103 3411 1157 3468 τοῖν
1177 3433 1278 3486 μερων,
1301 3408 1367 3476 οῖςτε
1383 3436 1435 3470 και
1423 3411 1581 3485 πλήθους·

455 3502 667 3584 78οιῖδαμοῖς”
649 3535 702 3587 ορα
723 3511 787 3571 όλον
807 3513 863 3571 ἐστὶ
883 3511 914 3571 τό
937 3512 974 3577 έν.
1018 3539 1041 3572 ει
1060 3538 1115 3591 γαρ
1136 3510 1192 3571 πιῖν
1213 3512 1277 3572 ὅλον
1296 3512 1366 3587 μετό
1390 3515 1582 3589 πλήθουςηέ

500 3614 530 3670 δέ
550 3614 579 3673 ἓν
600 3609 663 3672 όνευ
683 3612 821 3686 πλήθους,
844 3611 894 3674 οτῖκ
915 3610 970 3695 ὅρα
992 3617 1056 3677 όλον
1076 3616 1106 3676 τό
1129 3618 1169 3675 έν·
1196 3613 1277 3675 πόλιν
1296 3618 1381 3694 μέρος
1404 3615 1493 3680 ἄλλου
1514 3623 1582 3698 μέρος

498 3715 581 3787 ἔστιν,
611 3716 674 3784 οῖςτε
699 3715 730 3774 τό
760 3720 825 3793 μέρη
852 3719 914 3790 ἔχον
940 3723 1050 3793 πλῆθος
1076 3722 1144 3792 ἔχει,
1170 3721 1228 3779 πᾶν
1246 3720 1302 3797 γὰρ
1324 3724 1411 3797 μέρος
1435 3723 1465 3779 έν
1486 3744 1513 3781 τι
1531 3717 1583 3797 μετ’

498 3813 587 3879 ἄλλων
607 3824 696 3880 ἐθέλει
717 3821 904 3896 συμπληροῦν·
932 3822 967 3880 τό
988 3825 1017 3880 δέ
1039 3818 1106 3882 όλλα
1127 3826 1212 3882 ταῦτα
1233 3825 1314 3897 δῆλον
1336 3823 1375 3891 οῖς
1398 3824 1493 3886 πολλό
1513 3831 1582 3886 lm.

497 3943 522 3978 ει
542 3920 680 3979 τοίνυν
650 3947 681 3981 το
705 3948 732 3982 εν
753 3920 860 3992 οὐδενός
880 3930 934 3984 ἐστι
956 3923 1081 3996 πλήθους
1101 3929 1217 4002 μετέχον,
1237 3926 1267 3985 τό
1291 3928 1320 3985 δε
1341 3930 1413 4006 μέρη
1437 3930 1504 4002 ἕχον
1525 3930 1584 4004 τλη-

496 4024 590 4090 θος”
573 4047 643 4094 εχει,
670 4029 790 4105 φανερόν
811 4028 852 4087 ὅτι
872 4028 902 4086 τό
925 4028 955 4087 έν
975 4026 1024 4086 οὗκ
1047 4054 1080 4087 αν
1101 4032 1158 4101 έχοι
1159 4034 1241 4150 „W
1256 4032 1294 4104 4.)
1340 4033 1481 4095 δέδεικται
1503 4035 1567 4094 δι”
1552 4058 1584 4093 οτι

497 4121 558 4186 οτῖτε
579 4126 642 4186 ὅλον
663 4128 811 4201 έοτλν,”
777 4156 838 4192 ουτε
865 4126 919 4210 ὅρα
948 4130 1010 4190 ἔλον
1040 4135 1111 4192 ἐστὶν
1139 4130 1199 4194 οὔτε
1224 4138 1289 4212 μέρη
1318 4135 1384 4206 ἔχον
1407 4138 1439 4195 τό
1466 4139 1514 4197 ἓν·
1543 4144 1583 4198 εἴττ

496 4229 551 4307 χολρ
573 4231 636 4291 ὅλον
656 4235 728 4293 ἐστὶν
748 4239 798 4293 εἴτε
817 4240 883 4313 μέρη
904 4238 965 4309 ἔχει,
987 4236 1073 4297 πολλό
1095 4245 1177 4307 ἐστιν,
1200 4236 1266 4297 οἷλλό
1281 4239 1336 4314 μήν
1349 4235 1386 4297 αὖ
1401 4241 1496 4301 πολλό
1514 4249 1582 4312 m,
1609 4244 1612 4293 3

498 4325 558 4390 οὔτε
578 4329 640 4411 [όρα
669 4333 734 4395 ὅλον
760 4339 831 4396 ἐστὶν
859 4334 920 4397 οὸτε
944 4342 1011 4418 μέρη
1032 4342 1102 4413 ἔχον.
1145 4343 1193 4401 καλ
1214 4339 1280 4420 δρᾷς
1300 4342 1345 4401 ὅτι
1366 4346 1457 4404 τοῦτο
1474 4345 1582 4426 ’πρεῖιότ
1607 4374 1611 4423 ι

564 4568 642 4634 UD.
661 4577 814 4639 μετέχουσα.
850 4603 884 4613 -
917 4571 997 4638 ⁹)B.
1016 4580 1153 4653 ldessoepu.
1188 4613 1222 4627 -
1262 4577 1293 4641 5)
1311 4580 1345 4630 Ι).
1366 4581 1460 4655 ταότη
1478 4591 1528 4652 μέν
1543 4582 1580 4637 τόν

496 4673 540 4703 τοι
555 4653 653 4705 τοῦτο
673 4660 784 4711 δεικτέον
800 4657 858 4712 δλ
843 4664 913 4729 ημῖν
953 4691 983 4703 ·-
1017 4662 1099 4729 m.
1117 4671 1222 4734 συνέχει.
1246 4692 1280 4706 -
1314 4664 1494 4745 ³513·pr
1511 4671 1577 4726 στ’·τέ
