3775 5442
1008 386 1053 453 ,ἢ
1093 386 1129 425 s·

785 637 871 696 Liber
892 650 1021 716 quartus.
1389 642 1453 706 337

362 825 503 869 numm
529 812 636 868 tantas
663 807 850 887 suspicionis
878 809 995 871 ducere
1022 810 1106 872 haud
1134 829 1211 872 sane
1242 803 1323 873 licet.
1383 811 1452 876 line

363 910 483 972 secedit
515 910 619 989 quod,
647 926 741 987 quum
763 910 796 971 iu
819 930 881 973 nno
912 910 983 971 iere
1013 911 1199 974 Parmcnide
1225 914 1366 975 idearum
1395 915 1451 975 dc·

362 1012 462 1075 ctrina
505 1013 652 1073 subtilius
687 1010 906 1093 investigetur,
945 1010 977 1075 iu
1014 1018 1128 1077 ceteris
1162 1016 1310 1095 operibus
1346 1022 1451 1081 autem

361 1133 442 1194 quse
463 1115 503 1176 sd
525 1133 593 1174 cam
615 1113 774 1193 pertinent
796 1117 988 1194 explicantur
1009 1120 1203 1198 populariter
1225 1119 1330 1198 potius
1351 1128 1386 1181 et
1409 1119 1450 1183 sti
1498 1189 1503 1205 ¹

361 1223 484 1296 coptum
508 1235 701 1277 communem
724 1219 977 1294 accommodate,
1006 1218 1130 1280 iaeilem
1152 1220 1247 1281 habet
1269 1222 1449 1300 explicatio·

360 1336 442 1394 uem,
466 1338 521 1379 cur
542 1318 575 1380 iu
597 1319 785 1399 liepubliea,
817 1320 971 1400 legibus,
1001 1322 1147 1397 Timaeo,
1174 1324 1244 1387 aliis
1264 1325 1354 1385 lilrrls
1375 1329 1450 1404 post

359 1418 577 1483 Parmenidem
600 1423 782 1501 divulgatis,
812 1441 892 1502 qtrse
925 1425 957 1483 in
980 1423 1041 1486 ltoc
1062 1425 1187 1504 dialogo
1209 1427 1354 1488 subtilius
1375 1432 1450 1489 suut

360 1524 515 1603 exposita,
543 1542 606 1584 non
633 1525 677 1584 ita
699 1523 920 1599 adhibeantur,
951 1536 985 1586 ut
1010 1546 1199 1589 summorum
1226 1529 1449 1608 principiorum

360 1626 514 1687 ducantur
532 1626 681 1699 rationes,
704 1644 887 1704 quamquam
911 1629 1043 1704 quaein
1064 1628 1103 1689 iis
1124 1629 1300 1703 truduntur,
1323 1630 1449 1690 minime

359 1748 431 1789 eum
454 1728 511 1802 lis,
541 1746 621 1805 qttas
648 1727 780 1807 legimus
809 1729 840 1788 iu
863 1727 1064 1805 Parmenide,
1087 1749 1226 1811 pugnare
1248 1731 1451 1795 existimantis

357 1836 444 1891 sunt.
489 1829 595 1907 ltaque
624 1849 681 1893 nos
710 1831 834 1910 qrridem
862 1830 999 1892 latemur
1026 1834 1217 1912 argumentis
1244 1833 1308 1895 illis
1337 1853 1353 1893 a
1382 1833 1449 1896 vtro

357 1930 541 1991 cautissimo
564 1934 744 2013 excogitatis
768 1932 894 1994 minime
915 1935 1044 2009 moveri,
1073 1936 1104 1996 in
1130 1954 1230 2014 enque
1250 1937 1355 2014 potius
1377 1954 1451 2014 per,

357 2052 505 2095 severare
526 2036 694 2110 sententis,
725 2044 761 2096 ut
783 2035 997 2097 Parmenidem
1026 2056 1105 2117 opus
1134 2057 1206 2101 esse
1226 2038 1393 2118 genuinum
1416 2045 1449 2098 et

359 2137 487 2215 abipso
508 2134 638 2196 Platone
660 2139 811 2216 seriptum
834 2139 1055 2202 existimemus.

444 2240 491 2299 Ne
520 2246 623 2299 tameu
653 2240 769 2318 aliquid
792 2241 917 2303 silentio
941 2242 1141 2321 praeteriisse
1163 2241 1338 2315 sideamnr,
1362 2241 1448 2319 quod

359 2343 507 2404 miramur
528 2359 603 2405 saue
625 2342 663 2401 alr
685 2344 754 2421 ipso
777 2343 917 2405 Sueltero
940 2347 1117 2424 neglectum
1146 2361 1235 2415 esse;
1265 2352 1358 2404 ernrtt
1380 2345 1447 2404 inr-

360 2455 453 2520 tssse,
477 2446 529 2523 qni
552 2462 591 2504 eo
613 2445 834 2520 elleudautur,
857 2446 942 2524 quod
965 2446 1167 2521 Aristoteles,
1191 2447 1244 2525 qui
1265 2447 1448 2524 saepissinc

359 2550 401 2609 dc
414 2549 592 2608 Platonicae
612 2547 753 2607 idearum
772 2549 933 2608 doetrinae
955 2542 1114 2626 principiis
1128 2549 1321 2621 disseruerit,
1345 2559 1447 2609 tamen

358 2670 508 2729 nusquam
537 2650 654 2711 diserte
682 2649 866 2710 memoravit
895 2649 1126 2723 Parmensium,
1156 2650 1187 2709 iu
1216 2668 1277 2726 qtto
1306 2651 1387 2709 libro
1410 2669 1448 2710 ets

358 2753 426 2833 ipsa
447 2771 586 2831 tungriam
609 2761 729 2831 partein
753 2752 905 2830 explicata
930 2769 1001 2812 esse
1023 2750 1166 2823 uidimus,
1189 2769 1268 2826 quae
1282 2751 1447 2828 Stagirites

359 2875 378 2917 e
407 2855 523 2918 scholis
552 2854 693 2916 Platonis
728 2853 840 2914 lucusta
873 2854 1067 2932 posteritatis
1095 2851 1263 2911 memoriae
1297 2852 1446 2930 prodidit.

359 2957 441 3037 Quid
464 2959 548 3036 quod
570 2960 659 3020 illum
681 2956 761 3018 adeo
781 2957 923 3019 norimus
947 2977 983 3017 ea
1005 2959 1113 3018 contra
1131 2952 1271 3014 Platonis
1294 2954 1447 3016 rationem

357 3061 390 3120 iu
410 3061 547 3120 medium
570 3062 729 3134 attulisse,
759 3079 838 3138 quae
867 3061 899 3121 lu
928 3060 1036 3141 priore
1055 3056 1250 3120 Parmenidis
1280 3062 1369 3136 parte
1390 3074 1448 3135 po-

357 3161 417 3223 sits
437 3170 511 3224 snut
539 3172 632 3242 atque
660 3165 704 3224 ita
726 3172 847 3239 notata,
877 3170 912 3224 nt
941 3182 961 3223 a
987 3180 1059 3223 sera
1080 3160 1221 3222 Platonis
1249 3159 1371 3218 ratione
1393 3159 1447 3218 air-

356 3264 490 3327 lrorrere
512 3267 714 3328 existimanda
736 3269 810 3331 siut.
874 3265 1029 3327 Haeccine
1057 3265 1156 3344 igitur
1186 3268 1259 3324 suut
1281 3262 1446 3338 eiusmodi,

357 3376 393 3430 ut
413 3368 487 3430 libri
510 3370 726 3431 anctoritatem
749 3369 948 3442 labefactent,
971 3387 1011 3428 ue
1033 3367 1132 3427 dicam
1153 3365 1278 3445 penitus
1307 3371 1447 3425 evertant

356 3477 451 3551 atque
473 3472 624 3535 deleant?
652 3474 768 3535 Fateor
788 3492 855 3533 rem
878 3488 950 3532 esse
971 3468 1047 3530 satis
1069 3467 1176 3526 miram
1200 3473 1232 3525 et
1253 3485 1333 3544 qtrae
1354 3466 1448 3528 facilc

356 3574 450 3635 alicui
470 3574 591 3638 fraudis
614 3577 823 3657 suspicionem
845 3577 978 3632 moveat.
1023 3567 1230 3631 Nihilominus
1252 3568 1370 3629 habere
1391 3586 1448 3630 uo·

357 3675 406 3738 bis
427 3677 586 3754 ridemur,
617 3698 697 3757 quaa
718 3685 815 3738 totam
839 3675 919 3734 huuc
941 3672 1165 3733 dubitationem
1188 3672 1215 3732 si
1238 3690 1298 3730 uon
1326 3670 1447 3742 tollant,

298 3756 303 3770 ’
357 3786 500 3842 atcerte
522 3780 652 3840 mirifice
673 3781 797 3839 elevent
819 3784 852 3836 et
873 3776 1065 3835 imminuant.
1109 3775 1200 3853 Quod
1225 3774 1305 3834 euim
1328 3771 1449 3832 Aristu-

357 3883 439 3946 telcs
471 3882 564 3943 lunius
594 3884 666 3943 libri
694 3899 844 3960 nusquam
867 3879 1016 3938 disertam
1037 3877 1113 3938 iacit
1134 3877 1341 3946 mentionem,
1374 3869 1450 3931 ierit

358 3985 436 4046 illud
459 3985 540 4045 nand
564 3984 659 4044 dubie
681 3989 865 4064 propterea,
896 3979 981 4058 qttod
1009 3999 1088 4058 qttae
1116 3980 1148 4039 iu
1170 3976 1287 4040 sclrolis
1308 3974 1450 4035 Platonis

359 4086 528 4160 audiuerat,
546 4106 582 4145 ea
598 4087 636 4145 ad
659 4093 755 4145 toturn
778 4073 844 4145 rem
867 4083 1094 4142 diiudicandum
1112 4081 1212 4141 multo
1232 4078 1357 4139 utiliora
1378 4095 1450 4137 csse

357 4195 483 4269 putsret
505 4194 537 4248 et
560 4188 656 4266 tnagis
680 4187 842 4265 perspicua
863 4192 897 4245 et
919 4204 993 4244 sero
1016 4183 1107 4243 etium
1130 4181 1271 4260 pleniore
1301 4183 1334 4240 et
1360 4178 1452 4238 absu-

358 4291 474 4352 lutlora
495 4309 586 4367 qttarn
610 4291 741 4368 quaein
767 4286 953 4348 Permesside
977 4293 1180 4361 exponeretur.
1235 4277 1453 4342 Parmenideur

358 4391 440 4454 euim
458 4395 486 4455 si
504 4397 542 4451 ad
561 4412 627 4452 rem
639 4413 725 4453 stram
748 4391 900 4452 uoluisset
921 4387 1081 4460 adhibere,
1104 4384 1174 4444 lieri
1187 4402 1248 4443 uon
1261 4386 1394 4461 poterat,
1419 4384 1454 4439 ut

357 4497 449 4557 simul
465 4497 646 4573 interpretis
659 4503 764 4574 partes
777 4492 838 4555 sliri
849 4499 1031 4562 assumeret,
1056 4508 1116 4566 qno
1140 4485 1265 4565 rtegotle
1288 4500 1324 4543 se
1344 4496 1453 4560 super·

356 4600 471 4661 sedere
486 4617 580 4677 posse
595 4598 790 4670 esistunasit,
814 4593 962 4655 alhibita
986 4592 1034 4663 iis,
1058 4610 1136 4668 qttne
1152 4609 1187 4646 ex
1204 4586 1302 4665 iptitu
1315 4583 1454 4646 Platonis

1205 4689 1245 4747 22
