3775 5442
667 652 755 714 liber
775 657 894 733 prinus.
937 655 1109 731 Sestum
1385 665 1430 730 ω

318 833 354 888 et
365 822 570 905 Meg-onds,
593 824 677 905 qnod
687 823 774 890 ideae
786 847 848 890 non
858 833 979 891 tantuna
996 846 1083 907 oeae,
1106 831 1162 893 sed
1175 830 1267 894 etiarn
1280 837 1428 915 quodam.

318 929 428 991 nodo
454 946 521 990 non
542 946 614 989 case
634 928 750 1003 volnit3
778 932 822 992 ita
842 932 936 994 etiam
958 933 991 992 in
1012 939 1081 995 erte
1099 935 1274 997 disserendi
1294 939 1357 1001 boo
1376 959 1426 1004 se-

318 1038 422 1095 estus
448 1035 515 1107 est,
538 1037 573 1092 ut
594 1051 684 1092 unam
708 1034 899 1114 eandemque
921 1035 1108 1098 sumtionem
1131 1038 1175 1098 ita
1195 1043 1361 1119 tractaret,
1390 1050 1425 1113 ul

319 1155 396 1197 enm
422 1135 530 1215 primo
552 1140 698 1215 poneret,
710 1135 834 1196 ¹deinde
854 1156 974 1201 rmus·
992 1139 1136 1215 tolleret,
1164 1146 1298 1220 utroque
1319 1152 1422 1210 autern

318 1239 428 1301 nodo
458 1238 536 1318 qnid
564 1239 712 1317 consequi
740 1238 904 1300 dicendum
934 1249 1036 1318 esset,
1069 1243 1153 1304 oanni
1180 1261 1217 1303 cx
1237 1251 1325 1325 parte
1348 1248 1421 1311 snb·

320 1343 435 1404 tiliter
456 1340 668 1421 insatiaaret.

418 1444 508 1506 llaec
527 1461 602 1504 vero
615 1443 807 1508 Parmenidis
826 1445 867 1508 dc
881 1446 1054 1508 mercensis
1073 1453 1141 1510 arte
1154 1447 1314 1512 dialectica
1327 1468 1418 1532 prac-

321 1547 435 1628 eeptio
458 1547 601 1626 quonism
622 1547 678 1623 ila,
708 1549 761 1629 qui
781 1550 883 1628 ipsum
904 1549 1032 1610 audiunt
1054 1551 1270 1629 disserentem,
1294 1558 1418 1614 etnora

323 1650 447 1712 acddlt
468 1655 503 1732 et
523 1669 592 1713 euna
613 1671 733 1714 enmono
748 1652 935 1730 difficultate
948 1652 1071 1714 videtur
1083 1655 1263 1727 conlnncte;
1282 1656 1416 1735 primurn

326 1754 459 1833 qnid·
481 1747 645 1829 Socrates,
668 1755 782 1816 deinde
803 1754 896 1815 etiam
917 1755 1022 1831 Zeno,
1050 1755 1267 1836 Pythodorns,
1295 1760 1416 1820 Aristo-

325 1857 427 1932 teles,
461 1863 556 1935 atque
583 1859 695 1934 ceteri,
722 1859 761 1920 nb
783 1876 822 1919 co
844 1857 905 1919 boc
926 1863 1052 1938 petnnt,
1085 1866 1121 1921 ut
1147 1859 1233 1921 illam
1262 1863 1416 1922 sn'mtlone

327 1961 435 2040 aliqua
464 1960 557 2040 plene
582 1960 765 2023 iilustrsnda
792 1961 935 2023 omnibns
955 1961 1069 2024 reddat
1090 1963 1186 2044 maglo
1208 1964 1415 2044 perspicuam,

331 2062 417 2142 quoi
438 2080 477 2124 eo
499 2063 615 2125 ratius
636 2065 822 2127 inmiscere
842 2065 958 2137 licere,
990 2066 1077 2144 quod
1096 2085 1187 2128 nemo
1210 2067 1348 2128 sermoni
1367 2069 1414 2129 ba
1526 2050 1530 2059 ¹

330 2167 432 2242 tersit,
456 2167 530 2247 quin
552 2167 729 2229 dialectices
751 2169 885 2250 prainrn
907 2185 944 2230 ac
965 2167 1149 2248 dignitatem
1169 2190 1319 2233 summam
1342 2189 1413 2235 case

331 2271 393 2333 sibi
412 2270 613 2350 pannonii.
656 2271 754 2352 Igitur
774 2271 1075 2352 polliceturtandem
1091 2271 1310 2348 Parmenides,
1332 2275 1412 2336 velle

330 2393 368 2435 se
397 2373 499 2434 anicla
525 2375 765 2454 morigeratam
793 2393 961 2456 operosum
980 2375 1075 2436 istum
1096 2376 1206 2439 ludere
1227 2378 1351 2452 ludum,
1378 2384 1413 2438 et

330 2475 489 2539 uastando
512 2495 569 2538 aua
589 2477 688 2556 ipsius
708 2477 877 2552 sumtione,
899 2497 967 2558 qun
981 2496 1077 2540 unum
1099 2497 1175 2551 sonae¹
1190 2484 1323 2556 statuat,
1345 2480 1410 2541 ‹lia-

330 2583 459 2644 loetleae
480 2580 847 2661 emtioniarspecinnsn
868 2581 996 2661 aliquod
1017 2586 1197 2662 proponere
1208 2581 1252 2661 *).

412 2684 517 2762 sous
533 2683 588 2744 uo
609 2681 775 2762 nugam
796 2659 1022 2747 nimium
1046 2689 1110 2760 so,
1131 2684 1277 2764 quonam
1298 2684 1347 2746 vn
1368 2685 1409 2746 o-

328 2787 512 2851 nilitndlnia
539 2786 589 2847 vel
618 2784 877 2849 dissimilitudinis
898 2787 1072 2848 intercedat
1092 2786 1175 2846 inter
1195 2789 1295 2861 illam,
1318 2806 1409 2865 quarn

325 2893 418 2954 zeno
439 2891 632 2964 testum,
654 2891 853 2970 scriptino:
875 2896 970 2968 atquc
990 2888 1070 2947 banc
1089 2886 1281 2949 Parmenidis
1304 2888 1409 2967 dispu-

326 2995 500 3067 tationem,
532 3011 589 3072 qno
615 2991 737 3055 tacitus
764 2991 989 3073 perspiciatur,
1031 2989 1064 3049 in
1091 3008 1153 3067 quo
1179 2987 1254 3050 insit
1276 2986 1410 3048 universi

325 3098 405 3161 libri
424 3098 618 3177 propositum
639 3101 731 3175 etque
752 3097 830 3158 tinia.
873 3094 998 3158 Etenim
1019 3093 1156 3155 Zenonis
1178 3091 1333 3153 sumtione
1354 3108 1411 3169 po

327 3202 462 3263 nebatnr
490 3201 586 3262 multa
613 3218 699 3261 esser
733 3197 933 3269 Barmenides
961 3204 1065 3259 cutm
1096 3196 1245 3276 exquirit,
1281 3194 1356 3274 quid
1382 3194 1410 3255 ei

326 3323 422 3367 unna
449 3320 521 3365 ease
548 3307 717 3375 statuatur,
754 3303 901 3381 consequi
923 3301 1087 3362 dicendum
1109 3303 1159 3362 sit.
1202 3301 1302 3361 Porro
1325 3298 1409 3359 illins

327 3407 497 3489 disputatio
524 3405 704 3468 versabitur
731 3405 763 3465 in
792 3404 987 3485 explorandis
1014 3404 1071 3478 iis,
1105 3422 1184 3482 qnae
1213 3403 1270 3463 sub
1299 3419 1409 3463 senona

326 3517 432 3573 ment
453 3511 609 3572 subiecta:
639 3510 826 3587 coarguebat
847 3511 929 3569 enim
953 3527 1024 3582 eoa,
1046 3502 1099 3584 qui
1120 3506 1217 3567 multa
1233 3524 1304 3567 esse
1320 3503 1408 3565 dieti-

326 3614 433 3674 tabent
460 3632 567 3675 rerum
595 3610 745 3693 princlpin
779 3617 871 3691 atque
905 3611 1074 3685 elementa,
1117 3628 1215 3689 enque
1243 3627 1407 3689 corporea:

324 3716 418 3779 bulon
447 3722 552 3796 autern
581 3715 720 3795 quaestio
746 3719 814 3775 tota
842 3714 1051 3794 proficiscitur
1078 3713 1115 3773 ab
1144 3732 1214 3788 eo,
1228 3712 1311 3792 qnod
1341 3711 1407 3772 sola

326 3825 429 3881 mente
452 3827 487 3882 et
508 3817 695 3899 cogitatione
717 3818 907 3891 continetur,
942 3816 1189 3896 qnandoquidem
1216 3833 1311 3876 unum
1333 3814 1408 3874 Par-

325 3921 502 3987 menideunn
530 3922 568 3983 ab
599 3920 683 3982 omni
709 3928 853 3983 terrenae
880 3922 1029 3983 materiae
1056 3919 1252 3982 concretione
1273 3918 1407 3980 liberam

327 4031 373 4087 eet
393 4031 491 4105 uque
511 4025 654 4086 immune.
696 4022 864 4091 Praeterea
884 4024 1004 4087 Zenoni
1025 4023 1087 4085 boo
1107 4028 1175 4084 erat
1200 4021 1406 4104 propositum,

327 4134 360 4187 nt
386 4128 567 4190 confutaret
595 4146 703 4189 cortun
729 4130 898 4202 rationem,
934 4128 986 4207 qni
1008 4127 1104 4191 mults
1125 4144 1195 4191 esse
1217 4128 1407 4191 statuerent:

327 4230 526 4293 Parmeniden
548 4249 622 4292 veno
644 4229 678 4292 id
699 4231 778 4312 agit,
800 4238 836 4292 ut
857 4250 951 4291 unum
973 4250 1062 4292 snum
1084 4248 1146 4291 non
1167 4231 1258 4291 tollet
1276 4234 1406 4288 elocar-

326 4342 415 4414 guat,
437 4336 495 4398 aed
518 4335 601 4398 omni
623 4333 716 4395 modo
727 4335 863 4395 illustret
878 4334 1022 4413 oleoque
1034 4353 1103 4404 cum
1116 4333 1253 4395 idearum
1267 4327 1408 4395 doctrina

325 4439 420 4505 veluti
442 4439 476 4502 in
498 4456 592 4507 unum
614 4436 780 4519 coniungat
801 4443 833 4505 et
843 4436 1019 4511 consociet3
1040 4438 1082 4502 tle
1094 4457 1153 4518 qna
1167 4455 1203 4497 re
1219 4453 1289 4496 mox
1302 4434 1407 4494 dicen-

1415 4702 1587 4820 fl

391 4652 785 4726 cumn-mn
