3775 5442
690 677 776 739 Liber
798 683 911 739 tertius.
955 679 1056 740 Sentio
1074 680 1095 738 l.
1373 676 1437 744 298
1516 720 1520 731 ·

351 848 436 910 inter
456 849 579 910 iliorum
602 849 714 929 placita
735 851 926 928 probandum
949 858 1082 931 putaret.
1134 853 1176 913 nt
1198 849 1346 932 principia
1368 840 1435 933 qui·

351 953 423 1013 iem
451 951 611 1013 doctrlnae
644 958 677 1012 et
703 951 920 1030 fundamenta,
955 975 1034 1036 quae
1068 961 1254 1037 posuerant,
1289 954 1435 1020 continuo

350 1055 568 1117 animadvertit
594 1056 639 1116 ita
668 1064 844 1137 comparata
872 1077 958 1134 esse,
988 1065 1023 1120 ut
1043 1059 1175 1119 maximo
1198 1075 1267 1117 cum
1290 1058 1435 1122 utilitatis

351 1158 457 1220 iructu
493 1164 623 1239 possent
657 1160 697 1220 asi
729 1179 815 1220 arram
852 1161 1008 1224 rationem
1038 1160 1273 1225 accommodari.
1327 1163 1434 1244 itaqua

349 1261 431 1323 irsnc
461 1281 541 1323 nnnc
566 1262 610 1323 ita
637 1263 799 1324 constitnit
828 1263 999 1343 explicare,
1034 1272 1069 1326 ut
1097 1264 1176 1340 iliis,
1208 1270 1355 1344 quantum
1382 1284 1434 1328 res

349 1368 418 1446 ipsa
429 1367 622 1447 postularet,
644 1365 814 1428 immutatis
837 1372 869 1427 et
890 1369 1011 1431 inileais
1032 1367 1063 1428 in
1086 1388 1172 1429 suom
1193 1387 1259 1430 rem
1281 1375 1433 1434 uteretur.

349 1470 502 1548 Quoniam
531 1477 634 1529 autem
662 1475 809 1546 quantum
832 1489 882 1530 ars
910 1471 1072 1533 dialectica
1104 1478 1292 1533 momentum
1314 1471 1434 1536 iaceret

347 1571 389 1632 asi
418 1573 484 1632 seri
511 1571 691 1650 exquirendi
718 1571 922 1632 subtilitatem
955 1578 987 1633 et
1019 1573 1059 1634 asi
1096 1575 1283 1655 coarguendi
1317 1577 1433 1640 erroris

347 1675 534 1748 sollertiam,
556 1691 618 1733 non
640 1679 766 1757 poterat
786 1674 939 1753 ignorare,
962 1675 1053 1738 etiarn
1080 1675 1158 1738 illusi
1180 1676 1355 1738 iaciendum
1375 1697 1434 1758 pu·

347 1779 435 1850 tavit,
458 1784 494 1836 ut
516 1781 614 1836 artem
636 1776 810 1866 ‹litaerendi
821 1777 1051 1858 Megaricorum
1071 1779 1221 1841 imitando
1245 1780 1434 1859 exprimeret

345 1888 381 1942 ct
412 1880 638 1959 quodammodo
667 1878 787 1940 faceret
814 1899 910 1943 suam.
961 1880 1039 1942 Nom
1067 1881 1111 1942 lta
1131 1881 1327 1960 intelligebat
1347 1879 1435 1942 intu-

346 2003 417 2046 rnm
442 2002 521 2058 csse,
542 1987 578 2044 ut
599 1981 769 2044 adversarii
790 2001 852 2043 non
874 1984 1006 2064 amplius
1028 1984 1060 2044 in
1081 1985 1150 2065 ipso
1169 1984 1344 2045 disserendi
1362 1984 1433 2046 ‹liii-

345 2088 483 2170 gentiam
507 2091 540 2148 et
562 2090 657 2146 artem
679 2085 886 2165 requirerent,
908 2093 941 2148 et
963 2087 1028 2149 suls
1050 2087 1189 2168 ipsorum
1210 2087 1293 2162 telis,
1316 2086 1433 2169 quippa'

345 2192 388 2253 ai
410 2191 565 2253 saniorem
586 2189 719 2250 formam
741 2191 944 2250 strationem
968 2191 1165 2271 comparatis,
1186 2191 1285 2252 multo
1305 2178 1432 2253 felicius

347 2299 539 2376 peterentur.
561 2293 667 2372 itaque
687 2292 787 2354 redux
807 2293 839 2353 in
859 2295 992 2373 patriam
1012 2292 1114 2355 frctus
1137 2311 1215 2372 opus
1237 2293 1327 2370 iliud,
1346 2292 1431 2375 quod

345 2398 420 2459 intio
450 2397 488 2457 ab
516 2413 555 2456 so
582 2398 741 2472 tempore,
775 2414 836 2475 quo
865 2397 895 2457 ei
922 2398 994 2459 lites
1022 2401 1055 2458 et
1083 2398 1313 2459 controversiae
1339 2400 1431 2462 nat'aa

345 2508 446 2574 erant,
468 2500 596 2560 molitus
618 2515 687 2558 esse
707 2497 846 2571 ridetur,
867 2500 1021 2578 perticere
1044 2503 1076 2560 et
1097 2499 1258 2560 absolvere
1279 2501 1430 2564 institnitr

346 2622 416 2664 narn
437 2603 499 2663 iam
521 2601 644 2681 inipso
666 2601 779 2661 itinere
801 2584 838 2661 ab
862 2619 899 2660 eo
923 2606 1072 2681 congesta
1094 2620 1173 2676 esse,
1196 2620 1275 2681 quae
1291 2603 1330 2663 sd
1350 2602 1430 2665 illuri

346 2707 567 2779 conducerent,
589 2704 756 2765 admodum
779 2709 828 2764 est
849 2705 1024 2766 verisimile.
1085 2704 1187 2781 Atque
1209 2703 1287 2763 baec
1309 2704 1335 2763 si
1356 2724 1430 2767 sere

346 2809 581 2890 disputavimus,
604 2825 798 2886 consequens
820 2810 885 2878 est,
905 2810 940 2866 ut
963 2804 1177 2865 Parmenidem
1198 2805 1317 2882 pariter
1337 2814 1430 2886 atquc

347 2911 524 2992 Sophistsm
550 2931 619 2973 cum
642 2909 816 2970 Theaeteto
838 2917 911 2987 post
933 2927 1045 2968 annum
1068 2907 1190 2987 olymp.
1208 2905 1384 2972 lievilla.
1399 2916 1429 2970 4.

346 3016 380 3076 ln
403 3015 510 3096 vulgus
539 3017 656 3074 editum
684 3030 755 3073 esse
782 3012 1017 3074 existimandum
1049 3010 1100 3072 sit.
1164 3009 1273 3089 Neque
1295 3010 1376 3070 enim
1397 3011 1431 3074 itt

345 3118 522 3200 longinquis
544 3117 606 3177 iilis
628 3114 793 3176 itineribus
815 3116 848 3176 id
870 3115 936 3177 ullo
958 3115 1053 3176 modo
1075 3114 1143 3175 fleri
1165 3116 1285 3193 potuit3
1325 3133 1429 3175 rener-

345 3242 399 3284 aua
426 3229 530 3283 autem
556 3221 588 3280 in
615 3219 746 3299 patriam
780 3218 863 3279 baud
897 3220 961 3281 scio
990 3238 1029 3280 an
1057 3237 1136 3299 opus
1163 3218 1224 3299 ipsi
1258 3218 1429 3300 urgentium

345 3325 445 3387 rideri
466 3324 610 3384 debuerit
637 3322 725 3397 isieo,
749 3322 820 3407 qnia
842 3322 1091 3386 adversariorum
1113 3321 1327 3385 contentiones
1348 3317 1443 3382 mni?

346 3439 450 3490 torum
473 3435 592 3487 menter
610 3425 905 3504 *praestrinxisaenu
936 3426 989 3504 qui
1011 3424 1129 3504 aliquid
1151 3423 1191 3483 rie
1212 3423 1281 3483 istis
1304 3431 1428 3482 contro-

345 3533 455 3594 seniis
483 3533 531 3592 rei
560 3530 673 3592 litteris
701 3529 750 3588 sel
780 3528 957 3588 narratione
985 3525 1163 3607 propagatis
1198 3524 1427 3586 inondisissent.

346 3635 423 3697 Nam
458 3630 656 3715 peruulgatura
691 3631 790 3693 irrisae
822 3631 892 3692 ilias
929 3630 1154 3705 dubitationes,
1198 3646 1326 3708 quarum
1359 3626 1428 3706 ipsa

344 3736 533 3799 montionem
563 3735 638 3796 fecit
665 3736 696 3795 in
723 3734 908 3795 Parmenide
935 3734 1077 3814 dialogo,
1111 3752 1129 3793 e
1160 3732 1290 3796 Philebo
1324 3750 1353 3810 p.
1378 3729 1427 3791 15.

344 3843 381 3905 Δ.
396 3861 464 3920 aqq.
488 3848 519 3901 et
540 3838 698 3899 Phaedon.
719 3856 749 3916 p.
773 3837 895 3911 1⁰⁰.st
919 3837 1013 3898 iacile
1034 3837 1199 3916 inteiligas.

430 3945 532 4023 Atque
553 3942 631 4003 baec
652 3942 680 4002 si
701 3942 906 4022 probabiliter
929 3940 1168 4022 disputavimus,
1197 3935 1280 3999 bauti
1302 3934 1368 3998 scio
1390 3953 1428 3996 sn

293 4060 300 4077 '
344 4045 377 4107 ui
400 4046 558 4108 consecuti
581 4047 693 4113 simus,
723 4046 806 4123 qnosl
828 4047 999 4119 soluimus,
1035 4049 1070 4103 ut
1094 4058 1223 4122 quanam
1246 4037 1428 4120 opportuni-

343 4154 410 4209 tate
438 4170 512 4211 usus
540 4147 747 4229 philosophus
769 4148 903 4208 animum
931 4148 971 4208 ad
999 4145 1196 4208 scribendum
1225 4144 1307 4205 bunc
1329 4144 1428 4204 ‹lislo-

341 4272 417 4334 gnm
439 4253 610 4333 appulerit,
638 4252 827 4331 argumentis
850 4252 925 4313 satis
955 4250 1173 4313 verisimilibus
1196 4248 1428 4309 demonstrave-

343 4356 451 4416 rimus.
500 4356 557 4417 llis
579 4362 681 4415 autem
704 4354 873 4433 exploratis
895 4354 990 4416 etiam
1016 4357 1056 4417 rie
1084 4354 1236 4416 sermonis
1257 4351 1360 4412 forma
1382 4355 1428 4412 at·

342 4479 405 4539 que
426 4460 531 4538 specie
552 4465 694 4539 putamus
715 4458 814 4518 multo
836 4459 952 4519 certius
974 4460 1153 4539 rectiusque
1173 4455 1302 4517 iudicari
1322 4455 1427 4528 licere,

342 4581 435 4642 quam
458 4562 594 4639 alioquin
617 4564 687 4624 fleri
708 4565 818 4644 potuit.
862 4563 907 4624 De
929 4583 989 4642 qua
1009 4581 1046 4621 re
1067 4562 1115 4620 sel
1137 4565 1303 4639 propterea
1325 4557 1429 4619 ‹lictu-

343 4667 420 4727 dum
444 4673 495 4727 cst
517 4669 699 4744 accuratius,
722 4666 804 4748 quosl
828 4687 847 4728 a
868 4665 1083 4748 superioribus
1104 4664 1178 4725 iibri
1198 4663 1430 4726 enamtoribua
