3775 5442
643 615 730 677 Liber
750 618 901 678 secundus.
945 617 1047 678 Sestio
1068 615 1089 677 Ι.
1283 702 1291 715 Ι
1343 617 1407 683 167

327 788 490 852 oomrnode
520 790 753 870 interpretetur.
818 787 921 849 Primo
949 789 1045 869 igitur
1072 790 1227 852 sumtione
1243 789 1277 865 *)
1305 792 1405 853 Unum

326 892 480 955 infinitum
500 891 730 966 demonstrari,
759 893 841 970 quod
863 892 996 971 inieiiigi
1016 894 1083 954 vnit
1104 893 1145 954 de
1166 893 1289 971 spurio,
1316 912 1411 973 quam·

325 1000 425 1069 sesai,
447 992 602 1057 essentiae
623 995 758 1070 uniteie,
789 1014 879 1075 quem
900 997 987 1056 Zeno
1016 1001 1049 1058 et
1077 997 1228 1076 Megarici
1258 995 1408 1057 deiendess

325 1098 397 1159 rint.
450 1097 622 1159 Secundum
650 1097 836 1159 sumtionem
851 1099 904 1175 **)
924 1098 1026 1161 reiert
1056 1100 1096 1161 ed
1118 1120 1171 1173 ee,
1194 1116 1275 1177 qnae
1295 1099 1406 1163 formis

325 1217 363 1259 ae
382 1198 506 1278 legibus
527 1201 590 1262 sint
611 1199 852 1280 circumscripto,
875 1203 1221 1282 totamquesiguifleere
1236 1204 1280 1264 eit
1300 1221 1406 1266 rernm

324 1299 358 1361 in
385 1320 495 1363 sensus
522 1302 745 1365 incurrentium
768 1305 1016 1379 universitatem,
1048 1323 1127 1385 quoe
1148 1305 1405 1384 quemadmodum

324 1422 378 1465 res
400 1424 507 1469 omnes
528 1426 564 1468 eo
579 1407 727 1487 singulos,
752 1407 888 1486 quamvis
902 1408 1031 1468 maxime
1046 1409 1199 1482 diversas,
1221 1410 1406 1488 eompieots·

324 1513 388 1581 tua,
410 1509 454 1569 its
474 1510 610 1588 speeiem
634 1511 785 1587 quendam
808 1518 841 1572 et
861 1510 959 1570 veiuti
981 1511 1121 1571 umbram
1143 1510 1270 1572 unitatis
1284 1511 1405 1577 nauem

325 1610 542 1690 Quodcunque
563 1618 667 1672 eutem
689 1613 855 1674 obnoxium
878 1612 921 1674 sit
941 1605 1172 1691 mutetioni(rd
1186 1607 1406 1694 γιγνόμενον),

323 1713 355 1776 id
381 1731 556 1792 quiunquam
579 1732 650 1776 esse
670 1715 881 1795 perhibeatur,
903 1721 1007 1776 umen
1027 1734 1090 1778 non
1110 1732 1184 1775 vene
1210 1723 1264 1777 ent
1284 1735 1408 1800 semper

323 1833 397 1876 esse
420 1834 514 1875 unnim
536 1820 569 1877 et
589 1815 689 1892 idem,
721 1819 793 1897 paria
820 1819 879 1880 sibi
906 1835 1060 1895 nunquam
1090 1805 1229 1891 constet,
1258 1820 1315 1881 sed
1335 1824 1408 1902 pen·

322 1925 423 1997 petuo
445 1919 509 1992 iiot,
530 1936 589 1979 neo
609 1919 669 1980 nisi
689 1923 851 1984 articulum
871 1919 1023 2000 temporis
1051 1920 1116 1981 sive
1137 1927 1327 1983 momentum
1349 1914 1408 2002 (id

324 2017 500 2107 ἐξαίφνης)
522 2020 767 2100 ροιᾱιιῑοῐ***).
831 2025 918 2087 Haeo
944 2040 1020 2083 vero
1047 2029 1150 2085 utrum
1172 2023 1264 2085 Plato
1285 2024 1317 2086 in
1340 2026 1407 2087 nni-

324 2141 448 2185 sersum
470 2132 588 2186 tentum
611 2125 828 2205 disputaverit,
856 2148 894 2191 an
920 2128 1095 2207 respexerit
1115 2131 1232 2188 eostam
1254 2127 1406 2206 quendam

324 2226 584 2309 philosophorum
606 2228 793 2308 opinionem,
815 2231 1015 2292 vehementer
1036 2228 1168 2292 dubitet.
1210 2230 1291 2292 iliud
1311 2250 1406 2292 unum

326 2331 669 2408 praesensissent,
695 2331 776 2394 hane
802 2334 1000 2408 sententiam,
1029 2352 1090 2412 qua
1118 2333 1221 2395 omnis
1248 2332 1281 2396 iu
1311 2353 1406 2397 unum

326 2432 572 2508 eoniundantuu,
608 2453 666 2495 nee
701 2437 925 2516 eoniungnutur
954 2442 1010 2497 eut
1039 2435 1270 2513 disiunguntur,
1304 2455 1406 2516 neque

325 2530 502 2596 Parmenidi
523 2555 624 2616 neque
645 2537 768 2601 Pletoni
789 2545 933 2618 tanquam
956 2558 1060 2599 verum
1081 2538 1179 2599 tribui
1200 2538 1305 2598 licere.
1347 2539 1407 2601 His

326 2639 475 2718 expositis
498 2642 698 2719 progreditur
719 2643 759 2702 ed
779 2659 848 2702 enm
870 2640 1087 2719 disputationis
1110 2645 1240 2717 partem,
1263 2658 1323 2717 qais
1344 2639 1407 2700 dia-

328 2743 475 2821 quiritur,
498 2745 600 2822 queiin
621 2745 780 2807 conveniat
801 2761 873 2804 esse
891 2734 936 2802 τὰ
959 2734 1063 2816 ἄλλα,
1086 2741 1114 2801 ai
1135 2755 1205 2802 esse
1226 2738 1328 2800 Unum
1349 2757 1407 2819 po·

328 2847 424 2907 aiiur.
469 2846 511 2907 iit
533 2866 601 2907 eom
625 2846 751 2926 quidem
773 2843 1032 2925 disputationem,
1061 2859 1122 2920 qua
1149 2841 1191 2902 de
1210 2840 1316 2902 multis
1337 2859 1406 2903 oum

330 2967 395 3011 uno
423 2951 591 3012 coniunctis
620 2949 789 3031 agitur-i),
811 2965 851 3008 eo
873 2951 980 3008 oenaet
1001 2945 1176 3025 pertinere,
1207 2950 1243 3004 ut
1263 2942 1409 3005 numme-

327 3073 398 3116 rum
424 3074 528 3118 rerum
557 3054 719 3115 diversitas
747 3058 781 3113 et
805 3050 939 3112 verietss
976 3048 1105 3126 duaque
1130 3063 1257 3108 esnssoe
1281 3044 1409 3108 demon·

326 3163 476 3220 sumtus.
518 3160 604 3238 Quae
625 3166 728 3219 eutem
750 3156 897 3234 deinceps
919 3152 960 3213 de
981 3153 1050 3214 Uno
1082 3155 1176 3229 atque
1196 3156 1269 3222 τοῖς
1291 3139 1408 3223 ἄλλοις

326 3261 392 3322 aire
412 3261 519 3321 multis
539 3257 827 3338 disseruntur††i‚
849 3259 889 3319 iis
910 3262 1018 3318 oenset
1038 3254 1137 3336 ipsios
1158 3252 1351 3315 Parmenidis
1367 3253 1408 3316 de

325 3363 396 3424 Uno
418 3363 602 3424 sententium
624 3363 785 3437 illustrari,
808 3359 1058 3440 qounndoquidem
1080 3358 1245 3436 perspicue
1266 3357 1328 3418 hoe
1351 3355 1408 3418 de·

327 3472 451 3539 eeatnr,
479 3465 570 3527 ideae
597 3465 746 3541 tonitam
774 3482 849 3525 vere
875 3480 945 3522 esse
975 3466 1007 3520 ei
1037 3457 1201 3537 complecti
1229 3474 1268 3516 ea
1294 3448 1408 3537 omni'ap

326 3567 508 3649 quaesiui,
535 3567 596 3629 hoo
624 3573 680 3629 est.
698 3584 741 3633 se·
759 3566 877 3649 ipsum,
907 3570 941 3625 ut
972 3567 1098 3641 praeter
1125 3578 1214 3639 quem
1243 3578 1283 3620 ne
1314 3580 1407 3626 unum

326 3671 453 3752 quidem
474 3671 524 3732 sit.
575 3668 758 3733 Tnnsierri
775 3662 862 3729 enim
894 3667 1043 3727 imitatem
1062 3685 1080 3725 e
1101 3664 1195 3726 rebus
1217 3663 1347 3741 singulis
1367 3663 1408 3726 ed

327 3772 465 3836 universi
490 3772 663 3849 notionem,
693 3772 743 3833 eui
772 3772 832 3833 soli
860 3776 986 3830 aeterne
1010 3768 1148 3829 'essentis
1176 3771 1208 3826 et
1230 3765 1330 3825 unitas
1351 3763 1409 3823 tsi·

327 3875 457 3939 tudun
503 3883 628 3955 prester
655 3893 746 3955 quam
772 3892 866 3954 quum
894 3871 973 3933 nihii
1001 3869 1060 3945 sit,
1090 3868 1175 3947 quod
1205 3867 1235 3926 ei
1263 3871 1408 3941 tauquam

327 3980 489 4060 proprium
519 3978 643 4057 adiungi
669 3982 725 4039 sut
752 3965 792 4039 eb
823 3996 860 4037 ee
881 3972 1015 4037 discerni
1036 3977 1138 4053 quent,
1160 3986 1200 4028 ne
1219 3969 1317 4046 ipsam
1341 3966 1409 4046 qui-

328 4083 402 4144 dem
429 4100 503 4143 ease
529 4081 638 4155 stetui,
666 4079 868 4161 sicutizeno
898 4075 1050 4140 docuerit.
1116 4074 1268 4151 Quantum
1306 4076 1407 4129 nortem
