3775 5442
653 657 742 720 Liber
762 661 915 723 secundus.
959 656 1061 722 &ctio
1081 662 1104 721 l.
1360 664 1426 729 “9

336 828 550 894 numanum
562 831 595 894 in
616 850 725 895 omnes
746 839 851 912 partes
872 839 977 896 versat
996 851 1055 895 nec
1067 834 1154 916 prins
1170 833 1251 895 iliud
1271 834 1427 916 relinqunt

337 940 390 993 aut
411 933 545 1008 annotat,
568 952 660 1016 qnam
681 938 911 1015 argumentatio
931 937 972 999 ad
991 936 1085 998 linem
1107 935 1258 1017 perducta
1279 938 1331 1001 sit.
1367 940 1426 1002 0*

336 1042 438 1098 terum
465 1037 632 1117 abruptum
660 1039 812 1102 sermonis
835 1038 927 1101 daem
949 1044 1131 1121 argumento
1155 1056 1227 1101 essa
1246 1039 1427 1116 arbitratur,

337 1138 498 1203 Platonem
528 1142 689 1223 repentina
717 1141 819 1222 aliqua
846 1159 951 1202 rernm
980 1160 1105 1203 suarum
1130 1141 1372 1206 commntstiona
1394 1149 1426 1206 ct

337 1242 550 1307 uicissitudine
571 1245 754 1325 impeditum
776 1264 857 1319 esse,
880 1245 1044 1324 quominus
1067 1246 1155 1324 operi
1177 1246 1310 1309 adderet
1337 1247 1425 1309 colo·

338 1345 483 1426 planem.
537 1349 688 1410 Nimirum
716 1351 865 1428 scriptum
893 1367 964 1409 essa
993 1349 1165 1429 dialogum,
1197 1366 1260 1428 quo
1281 1354 1426 1429 tempora
1523 1435 1524 1439 Ἰ

335 1449 541 1531 pbilosoplrus
563 1452 701 1531 Megaris
724 1451 805 1530 apud
826 1450 989 1513 Euclidem
1010 1457 1151 1515 versatus
1171 1434 1224 1526 sit,
1246 1457 1282 1512 ut
1302 1451 1425 1517 bineria

335 1553 451 1616 debinc
472 1554 664 1634 suscipiendi
686 1560 852 1635 apparatus
874 1572 945 1615 eum
968 1555 1006 1616 ab
1027 1572 1126 1633 opere
1144 1554 1336 1635 perficiendo
1351 1574 1425 1635 pro-

334 1653 479 1718 hibuisse
508 1655 707 1735 rideatur*).
757 1656 825 1718 Non
852 1656 985 1719 multum
1013 1657 1052 1718 ab
1074 1654 1124 1719 iris
1146 1656 1325 1736 discrepant
1346 1675 1425 1739 quae

334 1758 445 1821 satius
469 1759 515 1819 D'e
536 1757 609 1820 Vita
632 1765 665 1819 et
686 1759 817 1839 Scriptis
839 1757 979 1822 Platonis
1005 1779 1036 1839 p.
1057 1760 1122 1821 289
1135 1779 1203 1839 sqq.
1232 1759 1273 1821 de
1300 1758 1426 1823 Parme-

333 1862 411 1923 nide
442 1860 612 1923 Platonico·
629 1861 806 1942 disputavit.
862 1856 1130 1940 Quemadmodum
1156 1863 1239 1925 enirn
1269 1850 1440 1925 Schlaicr-'

333 1962 502 2025 macheras
523 1983 586 2026 non
607 1963 641 2025 id
662 1965 695 2026 in
716 1964 778 2027 boc
800 1982 897 2045 opera
918 1967 1056 2045 spectari
1076 1966 1257 2043 arbitratur,
1278 1972 1317 2029 ut
1336 1966 1425 2033 locus

334 2065 447 2145 aliquis
469 2066 624 2129 illustrior
644 2067 863 2150 pbilosopbiae
872 2069 1051 2133 Platonicae
1071 2069 1254 2149 explicatur,
1275 2069 1425 2132 sediliud

333 2170 457 2249 potins,
486 2178 522 2231 ut
550 2169 735 2251 depingatur
760 2171 826 2232 veri
855 2173 1025 2251 quaerendi
1045 2174 1143 2236 ardor
1169 2179 1264 2252 atque
1285 2172 1424 2235 studium

333 2272 366 2335 in
387 2292 462 2334 vero
484 2273 674 2354 philosopho
696 2274 906 2355 conspicuum,
935 2277 981 2338 ita
1001 2276 1109 2340 Astius
1130 2274 1304 2355 perfectam
1327 2293 1423 2356 quan-

335 2377 406 2440 dam
434 2379 612 2440 dialectices
640 2378 814 2441 subtilioris
842 2380 978 2458 speciem
1007 2380 1041 2442 in
1067 2381 1130 2442 boc
1151 2397 1307 2453 sermone,
1330 2397 1423 2459 quem

335 2488 422 2545 reete
446 2500 517 2542 cum
538 2481 731 2558 Theaeteto,
765 2482 913 2561 Sopbista
936 2489 969 2544 et
989 2482 1124 2545 l'olitico
1146 2490 1231 2544 arcte
1253 2482 1424 2544 cohaerere
1486 2537 1488 2540 .

334 2582 435 2664 palat,
456 2584 501 2645 its
522 2584 701 2646 adumbrari
722 2591 815 2665 atque
836 2586 967 2666 exprimi
989 2586 1153 2660 existimat,
1174 2592 1210 2647 ut
1233 2603 1297 2645 nnn
1320 2585 1423 2647 solum

335 2686 464 2748 aliarum
492 2686 695 2762 familiarum,
717 2688 910 2767 maximeque
939 2688 1186 2768 Megaricorum,
1208 2705 1303 2766 prusa
1323 2688 1423 2749 disse-

335 2789 430 2850 rendi
450 2792 579 2852 artificia
602 2792 819 2873 explodantur,
841 2810 948 2851 verum
970 2791 1064 2852 etiam
1088 2796 1174 2851 recta
1194 2788 1287 2863 ratio,
1310 2789 1424 2868 quain

336 2892 469 2953 veritate
499 2895 690 2974 exquirenda
719 2893 867 2956 utendum
895 2892 957 2968 sit,-
986 2891 1181 2954 l'armenidis
1204 2892 1347 2971 exemplo
1369 2892 1425 2952 de-

336 3001 536 3058 monsnetur.
580 2999 640 3059 llic
661 2998 743 3058 enim
765 3016 859 3077 quum
882 3016 1001 3058 summa
1023 2994 1171 3056 acuminis
1192 2994 1288 3055 laude
1309 2993 1425 3055 dorne-

334 3099 389 3174 rit,
411 3099 542 3162 Eleatici
556 3111 657 3165 autem
673 3108 705 3163 et
716 3101 877 3181 Megarici,
899 3119 974 3163 sero
998 3098 1176 3162 dialectices
1198 3117 1257 3177 usn
1268 3097 1424 3178 neglecto,

335 3205 496 3286 captandis
529 3207 627 3268 acutis
649 3206 909 3267 conclusiunculis
941 3210 974 3267 et
996 3202 1160 3266 fallacibus
1181 3201 1427 3282 argumentatio-

334 3308 427 3371 nibus
449 3309 611 3390 gloriolam
633 3309 748 3390 ingenii
770 3308 913 3389 aucupati
930 3308 1004 3385 sint,
1024 3307 1111 3368 illum
1134 3308 1308 3386 prudenter
1328 3307 1424 3369 talem

334 3410 368 3471 in
397 3411 459 3473 boc
486 3429 631 3473 sermone
655 3417 763 3475 censet
790 3410 963 3487 introduci,
1000 3411 1054 3491 qui
1081 3410 1266 3488 placitorum
1294 3427 1422 3470 suorum

336 3513 489 3575 rationem
511 3533 573 3576 non
595 3521 705 3594 argute
734 3515 789 3578 sed
812 3514 970 3576 subtiliter
997 3513 1138 3592 exquirat
1166 3518 1261 3590 atqua
1286 3516 1422 3587 tucatur,

337 3617 482 3697 adeoque
510 3617 701 3680 Socraticum
729 3636 905 3681 sermonem
943 3615 984 3677 ad
1012 3590 1181 3677 Eleiticam
1215 3612 1421 3676 subtilitatem

337 3721 483 3783 traducat
504 3728 536 3782 et
558 3722 780 3784 accommodet.
834 3724 935 3801 Quum
958 3726 1061 3781 autem
1083 3725 1168 3781 totus
1192 3716 1333 3794 dialogus
1356 3716 1422 3775 dia·

336 3824 449 3887 lectica
476 3825 701 3906 disceptatione
727 3833 942 3898 consumatur,
972 3823 1149 3903 nentiquam
1178 3822 1291 3882 mirum
1323 3816 1423 3878 sideri

339 3928 458 3992 debere
486 3931 547 4006 ait,
576 3929 660 4009 qnod
690 3926 768 3991 nibil
787 3929 821 3990 in
843 3948 880 3990 eo
903 3929 1136 3990 demonstretur
1156 3929 1210 3984 ant
1231 3919 1423 3999 argumentis

338 4031 383 4094 ita
409 4035 579 4115 probetur,
612 4040 648 4094 ut
673 4050 726 4097 ras
754 4030 795 4094 ad
821 4030 933 4093 iustam
961 4029 1151 4112 perducatur
1183 4024 1422 4088 conclusionem.

335 4136 490 4200 NlmIrnm
511 4138 622 4220 positis
643 4135 806 4201 sententiis
827 4135 1001 4210 contrariis,
1021 4131 1097 4212 quid
1119 4149 1156 4191 ex
1172 4127 1302 4207 singulis
1314 4146 1423 4189 conse-

336 4249 462 4322 quatur,
483 4242 643 4305 subtiliter
663 4237 853 4322 inventurn,
870 4255 971 4318 eoque
988 4236 1083 4313 mpdo
1097 4232 1274 4304 dialecticae
1288 4232 1328 4294 de
1342 4231 1422 4297 ideis

336 4344 563 4427 disquisitionis
585 4346 759 4427 exemplum
779 4342 914 4425 proponi
932 4332 1120 4424 legentibus.
1149 4337 1296 4400 Ceterum
1319 4343 1423 4399 extre·

336 4468 420 4510 mam
446 4446 522 4511 libri
546 4456 667 4532 partem
699 4447 897 4513 intercidisse
922 4444 1114 4528 suspicatur,
1143 4449 1310 4525 propterea
1337 4441 1421 4523 qnod

343 4606 399 4615 ...⁶
406 4604 533 4615 ..ο-...-

408 4672 435 4732 “)
453 4666 517 4738 rag.
538 4668 593 4722 ltis's
609 4688 648 4741 sq.
