3775 5442
659 1447 1097 1595 Prolegomeno
1208 1446 1211 1459 ’

860 1680 901 1743 de

495 1849 806 1940 Platonis
852 1854 1261 1945 Pan-menide.

789 2079 967 2095 ¹¹-—

337 2149 456 2282 Qnod
477 2192 583 2256 lacere
602 2193 692 2256 multi
719 2201 752 2257 et
780 2197 854 2258 olim
882 2199 967 2261 soliti
995 2208 1068 2264 sunt
1090 2208 1123 2263 et
1143 2205 1250 2262 nostre
1272 2199 1420 2260 memorie

338 2326 457 2400 solent,
479 2330 513 2384 ut
534 2323 710 2403 longinquis
731 2323 894 2386 itineribus
916 2323 1120 2410 suscipiendis
1147 2332 1267 2410 prisone
1287 2329 1418 2417 antiqui·
1522 2403 1525 2411 Ι

338 2446 412 2506 tatis
433 2450 629 2504 monumenta
650 2445 713 2504 suis
730 2445 868 2523 ipsorum
883 2447 980 2508 oculis
996 2451 1245 2530 contemplentur
1260 2466 1296 2508 ex
1312 2467 1418 2509 eorum

338 2567 530 2645 spectatione
556 2570 589 2625 et
613 2565 820 2627 illustratione
847 2566 947 2629 literis
973 2568 1089 2648 aliquid
1117 2569 1258 2632 utilitatis
1280 2571 1418 2642 allaturi3

338 2687 423 2746 idem
446 2704 504 2765 ego
525 2684 751 2763 quodammodo
774 2686 887 2749 iecisse
908 2689 984 2750 mibi
1012 2691 1140 2765 videor,
1168 2691 1221 2768 qui
1247 2691 1307 2750 etsi
1335 2689 1419 2750 domi

339 2824 430 2865 mne
450 2807 482 2864 ln
502 2824 607 2867 museo
627 2808 802 2887 permansi,
832 2816 933 2870 tamen
957 2809 1109 2869 eiusmodi
1130 2824 1208 2886 opus
1230 2779 1417 2886 antiquitatis

341 2902 557 2983 illustrandum
584 2926 791 3007 susceperim,
828 2927 912 3006 quod
941 2927 1006 2987 sive
1034 2925 1239 3005 granditatem
1261 2928 1327 2987 eitra
1349 2945 1419 3004 spc-

339 3052 476 3118 ctamus,
511 3046 574 3107 sive
609 3045 848 3123 obscuritatem,
881 3067 971 3126 quam
1000 3044 1170 3107 enarratori
1201 3042 1309 3119 affert,
1337 3045 1420 3106 baud

339 3166 472 3227 absurde
499 3185 568 3226 cum
596 3166 824 3229 obscurissimis
852 3183 913 3226 non
936 3167 1029 3227 morlo
1053 3148 1206 3237 Graecae,
1230 3181 1336 3222 verum
1359 3164 1419 3224 Ae-

339 3287 497 3367 gyptiacae
523 3291 616 3365 atqua
645 3286 768 3346 indicae
798 3286 985 3364 antiquitatis
1013 3284 1218 3346 monumentis
1241 3302 1419 3363 comparare

340 3407 440 3467 liceat.
482 3407 558 3467 Nam
582 3408 663 3466 inter
686 3426 781 3486 opera
801 3406 939 3468 Platonis
962 3424 1055 3484 quum
1077 3374 1132 3465 ille
1152 3404 1248 3476 liber,
1272 3405 1322 3481 qui
1345 3404 1419 3464 Par-

338 3526 468 3588 menidi·
491 3527 614 3587 nomine
635 3526 801 3605 inscriptus
824 3532 888 3599 est,
921 3526 1072 3604 gravitate
1094 3523 1265 3603 crgrrmenti
1288 3522 1335 3581 sni
1357 3542 1419 3582 ma-

338 3646 418 3706 xime
432 3647 616 3723 conspicuus
634 3647 684 3722 sit,
706 3653 771 3707 tum
785 3646 903 3709 nullum
917 3664 989 3708 sane
1002 3644 1153 3716 novimus,
1176 3642 1261 3721 qnod
1274 3642 1420 3702 maiorem

338 3764 449 3825 eodem
465 3764 577 3825 babeat
594 3766 818 3846 interpretandi
837 3766 1063 3827 difficultatem.
1092 3762 1183 3842 Quod
1195 3770 1259 3823 'non
1279 3779 1440 3826 veremur·
1464 3740 1465 3743 Ἴ

337 3901 378 3943 ne
398 3885 466 3962 quis
486 3903 504 3943 a
522 3885 615 3946 nobis
636 3892 755 3947 temere
771 3884 887 3946 dictum
900 3887 1069 3958 existimet,
1094 3902 1187 3962 quum
1205 3884 1272 3962 ipsa
1287 3879 1421 3941 narratio

338 4003 377 4062 de
389 4004 482 4064 variis
496 4005 701 4084 interpretum
717 4006 922 4085 opinionibus,
947 4025 1037 4085 quam
1052 4004 1277 4076 exhibebimus,
1299 4007 1423 4062 senten·

338 4123 400 4184 tiaa
422 4130 549 4186 nostrae
571 4126 731 4186 veritatem
753 4126 875 4186 abunde
894 4126 1096 4187 testificatum
1113 4125 1163 4185 sit.
1206 4122 1329 4184 Etenim
1346 4134 1423 4196 quae
1546 4110 1570 4125 '‘

340 4244 395 4304 siri
418 4245 504 4305 docti
527 4244 568 4305 de
584 4244 677 4305 bunius
696 4246 798 4324 operis
819 4253 998 4325 crgrrmento
1017 4251 1050 4306 et
1064 4246 1227 4325 proposito
1245 4241 1275 4300 in
1288 4236 1424 4297 medium

339 4362 511 4422 attulenmt
536 4363 668 4440 iudicia,
703 4383 811 4425 eorum
834 4369 918 4425 tanta
941 4374 990 4427 est
1012 4366 1161 4436 varietas,
1198 4367 1284 4420 tanta
1305 4355 1422 4416 discre-

338 4453 465 4560 pantia,
483 4488 520 4543 nt
547 4498 585 4542 ea
613 4484 694 4544 inter
730 4501 764 4545 se
798 4485 1056 4546 contendentibus
1093 4495 1257 4555 sanequam
1285 4472 1425 4534 mirabile

338 4601 436 4661 sideri
459 4602 589 4680 debeat,
613 4604 654 4665 de
675 4624 736 4666 uno
759 4605 931 4684 eodemque
953 4605 1034 4664 libro
1058 4613 1158 4676 coque
1178 4611 1239 4653 non
1261 4594 1303 4652 itn
1325 4591 1425 4670 amplo

1168 4697 1186 4755 1
1200 4695 1216 4730 *
