3775 5442
716 605 761 661 ιε
794 587 1125 667 νκιιιιυυιυυιι.’
1198 611 1202 617 ·
1397 607 1460 669 ττι

379 781 432 833 τῶν
451 775 637 854 ἀτςλεστέρων,
659 779 789 848 καθῆκων
810 778 839 833 δι’
860 778 923 854 περί
944 778 1006 842 τοὺς
1028 776 1191 854 ὑψηλότερον
1212 779 1245 833 τά
1268 778 1332 834 ὄντα
1353 779 1460 854 θεωμί-

379 901 452 947 νους,
473 881 588 936 δείκνυσι
610 876 655 933 καί
677 879 723 934 διά
743 881 842 936 τούτων
863 879 1022 934 ὁΙΙλάτων·
1045 879 1060 932 ό
1081 881 1136 955 γάρ
1159 881 1204 934 τόν
1216 870 1396 955 Ἀριστοτέλην
1412 885 1459 937 τόν

379 983 435 1035 νίον
455 984 630 1054 μαιευόμενος
650 979 696 1036 καί
718 982 840 1046 ἐξετάζων
861 981 921 1044 τούς
942 984 970 1036 ἐν
991 975 1063 1053 αὖτῷ
1083 983 1194 1053 λόγους,
1221 984 1267 1037 νῦν
1288 982 1324 1054 τῷ
1345 992 1455 1058 Παρμε·

378 1083 435 1158 νίδη
457 1084 590 1158 πράςεισι,
618 1082 665 1139 καί
691 1087 735 1153 τῆς
756 1080 826 1160 παρ’
851 1080 933 1140 αὐτοῦ
961 1085 1048 1152 τυχεῖν
1079 1082 1232 1155 ὑφηγῆσεως
1259 1081 1344 1152 ἀξιοῖ,
1373 1085 1419 1140 καὶ
1440 1076 1523 1138 62⁶5

376 1182 440 1257 περὶ
460 1186 512 1238 τῶν
527 1184 554 1256 ¹)
582 1185 701 1261 ὁρισμῶν
729 1188 832 1243 ἐκείνων
853 1185 1014 1251 ἀναδιδάξυς
1041 1182 1121 1249 αὐτὸς
1142 1186 1309 1262 τελεωτίρσυς
1331 1185 1456 1258 ὑποδέχε-

376 1306 420 1339 ται
441 1282 514 1362 παρ’
535 1279 618 1342 ἀλλον
639 1292 761 1354 κανόνας.

418 1458 532 1527 ,,1(αλῆ
547 1446 679 1530 μένοίιν
698 1457 757 1513 καί
775 1463 873 1526 θεία,
895 1446 929 1516 εέι
949 1462 1044 1528 ίσθι,
1065 1457 1191 1534 ῆόρμῆ,
1212 1461 1251 1532 ῆν
1270 1459 1382 1536 όρμᾷς
1397 1460 1456 1517 ἐπί

374 1559 481 1625 ,τοὺς
503 1561 640 1634 λόγους,
663 1560 807 1618 ἕλκυσον
829 1564 863 1619 δὲ
885 1565 1017 1620 σαυτόν
1039 1561 1098 1617 καί
1119 1564 1305 1636 γύμνασαι
1326 1563 1458 1635 μᾶλλον

378 1661 461 1723 ,διά
483 1666 539 1731 τῆς
561 1661 736 1732 δοκούσης
758 1661 936 1741 ἀχρήστου
957 1659 1047 1720 εἶναι
1069 1663 1128 1719 καί
1150 1667 1370 1739 καλουμένης
1392 1658 1465 1727 ίιπό,
1547 1673 1551 1689 “

376 1767 469 1825 „ufir
490 1766 628 1820 πολλῶν
649 1762 871 1835 ἀδολεσχίας,
901 1767 962 1830 ἕως
982 1766 1031 1822 ἔτι
1054 1768 1128 1832 νίος
1150 1763 1192 1823 εί·
1226 1767 1256 1826 εἲ
1277 1767 1312 1823 δι’·
1332 1769 1390 1843 μῆ,
1421 1768 1457 1823 σι’

376 1864 631 1935 ‚maestum
652 1863 667 1937 ἡ
690 1861 874 1936 ἀλῆθεια.“
917 1862 964 1942 (Ρ.
983 1869 1052 1928 135.
1067 1868 1120 1947 D.)

442 1999 476 2055 οί
495 2001 544 2074 μὲν
564 1994 626 2058 οὔτε
647 2004 766 2079 ὁρμῶσιν
786 1999 848 2060 οότε
870 2005 1011 2074 ἐπτόηνται
1034 2005 1096 2082 περί
1110 2010 1156 2078 τῆν
1168 2009 1221 2064 τῶν
1233 2007 1317 2063 ὄντων
1329 2002 1360 2082 ²)
1383 2008 1456 2060 θειν-

374 2104 452 2178 ρίαν,
474 2104 501 2158 οί
522 2104 550 2159 δὲ
570 2098 619 2176 ῆόη
641 2108 798 2175 τελειότητος
818 2105 994 2179 ἀντελάβοντσ
1016 2110 1085 2163 κατά
1104 2108 1152 2181 τῆν
1173 2113 1280 2184 γνῶσιν,
1303 2109 1329 2164 οἶ
1351 2108 1378 2162 δὲ
1401 2096 1455 2183 σίρ-

374 2227 471 2276 μηνται
491 2207 554 2278 μέν,
575 2207 679 2263 δέονται
701 2208 729 2262 δι’
750 2209 906 2273 τελειώσεως
926 2207 974 2263 καί
994 2211 1090 2287 πείρας
1111 2215 1217 2284 λογικῆς
1239 2211 1285 2266 καί
1306 2209 1456 2283 γυμνασίας

374 2306 411 2370 είς
432 2311 477 2377 τῆν
497 2304 625 2388 τεῦξινλ)
647 2314 694 2367 τοῦ
715 2313 813 2375 τέλους.
857 2314 885 2364 ἐν
914 2311 945 2380 δῆ
975 2311 1076 2376 τούτοις
1105 2309 1159 2367 ἔστι
1185 2315 1240 2378 τοῖς
1259 2315 1350 2387 μέσοις
1372 2309 1455 2365 καλό

377 2414 532 2487 Σωκράτης·
565 2404 635 2467 ὅθεν
656 2410 814 2480 ἀποδέχεται
835 2412 884 2482 μὲν
905 2433 924 2465 α

373 2517 448 2569 καλεῖ
468 2514 550 2569 θείαν
570 2515 619 2583 μὲν
640 2508 720 2579 αὐτὴν
740 2513 775 2575 ὡς
795 2514 961 2581 φιλόσοφον·
994 2517 1024 2569 τό
1045 2515 1100 2587 γάρ
1120 2517 1173 2568 τῶν
1195 2514 1334 2589 δραμέονν
1356 2513 1454 2590 ὑπερο-

374 2614 426 2690 ράν
448 2615 494 2670 καὶ
514 2612 560 2683 τῆν
580 2611 723 2684 ἀσώματον
744 2607 838 2666 οὖσίαν
858 2614 1045 2681 φαντάζεσθαι
1059 2616 1209 2686 φιλόσοφον
1225 2612 1280 2668 ἐστί
1299 2613 1346 2668 καί
1360 2615 1452 2668 θεῖον·
1518 2680 1523 2695 Ι

375 2718 422 2772 καί
443 2719 497 2790 γάρ
520 2717 548 2769 τό
570 2712 689 2789 θεῖον)
720 2714 776 2767 πάν
796 2715 916 2770 τοιοῖτον
943 2718 1106 2789 φαινόμενον
1126 2717 1173 2772 καί
1194 2716 1342 2784 ἐννοῆσεσιν
1363 2708 1455 2778 ἀίίλοις

377 2816 506 2887 ὑφεστός·
537 2813 620 2886 καλῆν
641 2816 684 2881 δέ,
708 2814 784 2890 ὡςί)
808 2812 844 2879 εἷς
865 2818 896 2872 τό
917 2815 999 2882 ὅντως
1020 2810 1142 2891 άγουσαν
1162 2820 1258 2883 καλόν,
1290 2809 1305 2872 δ’
1329 2814 1365 2886 δῆ
1384 2815 1453 2872 ἐστιν

374 2917 422 2975 οὐκ
444 2913 512 2996 ε’νῦ)
540 2922 595 2982 τοῖς
622 2921 765 2994 πρακτοῖς,
794 2916 829 2981 ὥς
858 2909 968 2993 ὕστερον
995 2917 1021 2974 οί
1049 2915 1105 2975 ἀπό
1132 2923 1176 2990 τῆς
1203 2920 1290 2982 Στοᾶς
1318 2919 1453 2991 ἐνόμισαν,

373 3018 436 3081 ἀλλ’
457 3022 485 3076 ἐι·
506 3024 564 3085 ταῖς
586 3024 690 3097 νοεραῖς
711 3020 868 3096 ἐνεργείαις,
897 3018 944 3075 καί
966 3017 1000 3084 ὡς
1020 3018 1056 3095 τῷ
1079 3019 1200 3098 ἀληθινῷ
1228 3021 1304 3099 ἔρωτι
1332 3021 1454 3096 πρέπου-

373 3140 438 3185 σαν·
473 3125 504 3178 τό
525 3125 580 3199 γάρ
601 3126 726 3199 ἐρωτικόν
746 3116 815 3187 εἶδος
833 3124 878 3191 τῆς
899 3122 963 3191 ζωῆς
984 3127 1031 3178 τοῦ
1053 3124 1164 3189 κάλλους
1183 3125 1298 3198 μάλιστα
1319 3119 1453 3191 ἀντέχεται

374 3229 421 3286 καί
441 3232 485 3298 τῆς
507 3227 534 3282 ἐν
555 3230 609 3289 τοῖς
630 3227 706 3288 θεοῖς
727 3220 818 3287 αὗτοῒς
838 3223 978 3294 καλλονῆς,
998 3221 1156 3295 ἀποδέχεται
1179 3211 1226 3281 οὖν
1247 3224 1292 3297 τῆν
1313 3223 1397 3303 ὁρμὴν
1418 3223 1520 3287 ὧς26ῦ

375 3333 456 3390 θείαν
468 3330 513 3387 διά
525 3331 608 3384 ταῦτα
622 3325 670 3391 Ικαὶ
681 3325 716 3390 ὡς
730 3325 814 3397 καλῆν
825 3325 945 3394 εἰκότως,
963 3326 998 3390 ὥς
1010 3325 1054 3382 ἐπὶ
1066 3328 1128 3381 νοῖν
1139 3324 1293 3402 ἀνάγουσαν
1303 3328 1348 3386 καί
1363 3327 1407 3385 ἐπί
1421 3329 1451 3383 τό

373 3434 416 3490 ἓν·
435 3433 470 3497 ὡς
484 3432 533 3505 μὲν
546 3431 600 3505 γάρ
618 3429 684 3485 θεία
698 3431 745 3483 τοῦ
757 3431 814 3492 ἑνός
827 3427 977 3497 ἀντέχεται,
999 3428 1074 3494 ὡςδὲ
1087 3428 1153 3500 καλῆ
1165 3430 1212 3484 τοῦ
1224 3436 1283 3497 νοῦ,
1301 3422 1375 3507 παρ’
1388 3417 1408 3506 ᾧ
1421 3432 1451 3486 τό

375 3537 487 3613 πρώτως
502 3535 598 3589 καλόν·
612 3531 657 3587 καί
669 3530 704 3596 ὡς
717 3533 937 3607 ἐκκαθαίρουιαν
950 3535 981 3586 τό
995 3530 1069 3604 ὄμμα
1080 3537 1123 3604 τῆς
1138 3536 1221 3606 ψυχῆς
1235 3532 1280 3590 καί
1295 3535 1325 3588 τό
1340 3534 1453 3590 θειότα-

372 3660 420 3694 τον
437 3632 517 3706 αὗτῆς
538 3635 737 3710 ἐπεγείρουσαν.
759 3636 889 3710 προτείνει
905 3633 934 3689 δὲ
948 3631 994 3706 τῆν
1008 3633 1072 3689 ὁδόν
1092 3634 1139 3706 τῆν
1159 3634 1205 3690 διό
1226 3641 1270 3707 τῆς
1291 3636 1452 3707 διαλεκτικῆς

376 3741 411 3805 ὡς
431 3733 580 3795 ἀπταιστον
606 3735 653 3791 καί
679 3734 893 3808 ἀνυσιμωτάτην,
923 3739 1031 3808 συμφυῆ
1052 3737 1101 3808 μὲν
1122 3722 1207 3794 οὖσαν
1227 3742 1282 3802 τοῖς
1302 3740 1453 3813 πράγμασι,

375 3842 502 3915 δυνάμεσι
523 3840 551 3894 δὲ
569 3841 707 3915 χρωμένην
733 3841 846 3903 πολλοῖς
867 3837 903 3904 είς
923 3838 972 3911 τῆν
992 3842 1036 3911 τῆς
1065 3837 1195 3912 ἀληθείας
1217 3841 1378 3911 κατάληψιν,
1407 3862 1453 3913 μι-

376 3945 507 4017 μουμένην
526 3943 556 3997 δέ
577 3943 624 3997 τόν
645 3946 707 3998 νοῦν
727 3940 774 3996 καὶ
794 3943 842 4007 τάς
862 3939 947 4017 ἀρχάς
968 3939 1025 3997 ἀπό
1047 3945 1094 4000 νοῗι
1115 3944 1270 4014 δεχομένην,
1300 3940 1453 3999 ἀνατείνου-

375 4062 428 4139 ραν
447 4042 475 4100 δί
496 4047 584 4108 καλῶς
604 4037 644 4101 δι’
667 4040 796 4100 εὐτάκτων
821 4047 1023 4119 ἐπαναβασμῶν
1044 4045 1088 4100 ἐπί
1109 4047 1139 4100 τό
1162 4042 1209 4110 ὅν,
1236 4043 1284 4100 καί
1310 4044 1452 4102 παίουσαν

374 4150 419 4215 τῆς
439 4146 500 4224 περὶ
521 4148 555 4203 τά
577 4147 697 4220 αἰσθητά
718 4149 827 4217 πλάνης,
847 4146 978 4218 μεθόόοις
995 4167 1022 4202 τε
1041 4143 1204 4222 ἀνελλγκτοις
1225 4144 1323 4203 ἕκαστα
1345 4145 1452 4210 πιέζου·

345 4480 347 4483 ¹
445 4419 474 4484 Ι)
493 4418 523 4466 Β.
543 4417 573 4466 C.
592 4421 647 4486 περὶ
664 4417 710 4469 τὸν
728 4416 844 4489 ὁρισμόν.
895 4446 933 4482 ··.
979 4415 1061 4484 ssjl).
1081 4417 1453 4488 περίιῆςτιλνόιέωνόάκ-

376 4507 442 4572 νίας·
479 4529 511 4540 -
544 4500 575 4567 5)
594 4504 625 4553 Α.
645 4503 675 4552 B.
696 4504 726 4553 C.
746 4506 782 4563 είς
798 4502 845 4571 τὴν
861 4502 943 4562 τάξιν.
979 4532 1013 4542 -
1065 4501 1097 4568 τί)
1117 4503 1145 4554 Β.
1163 4502 1263 4561 πάντες.
1301 4532 1331 4543 -
1371 4498 1454 4568 m.

375 4588 406 4638 C.
426 4585 459 4646 ὡς
476 4585 508 4638 τό
526 4584 612 4647 ὄντως.
642 4619 679 4646 ,-
713 4588 746 4657 6)
764 4591 797 4641 Ι).
820 4594 845 4640 ἓν
862 4596 918 4649 τοῖς
935 4595 1093 4660 πρακτικοῖς.
