3775 5442
473 620 537 681 1⁸⁰
811 615 896 674 tiber
918 616 1037 691 primus.
1081 612 1182 670 Sectio
1205 610 1238 669 V.

478 795 518 853 rit
549 791 589 851 ad
618 804 735 865 eosque
762 785 917 846 retulerit.
968 781 1081 844 Nescio
1109 787 1213 844 tumen
1240 797 1279 844 an
1306 783 1357 843 lrlc
1378 782 1446 862 ipse
1468 782 1565 857 locus,

478 912 570 973 quem
591 892 675 952 viros
698 890 843 969 egregios
864 886 989 947 omnino
1012 887 1140 949 latuisse
1160 887 1276 962 miror,
1297 886 1376 947 hanc
1395 885 1566 946 dubitatio-

479 1014 550 1060 nem
585 996 775 1074 aliquantum
811 992 987 1052 minuturns
1022 992 1072 1052 nit.
1121 989 1197 1051 Nam
1220 1008 1258 1050 ex
1285 1007 1324 1050 eo
1351 989 1462 1050 saltem
1487 987 1567 1047 illud

480 1100 658 1182 perspicere
680 1096 770 1168 lieet,
792 1095 853 1155 τοῦ
876 1084 949 1166 ἑνὸς
972 1082 1071 1166 ὄντος
1086 1097 1198 1173 partes
1214 1113 1250 1153 ac
1261 1093 1391 1154 virtutes
1404 1092 1566 1171 primarias

479 1200 654 1281 comparari
675 1216 747 1259 curn
767 1198 869 1258 tribus
890 1193 1028 1256 numeris
1050 1197 1258 1277 principibus,
1289 1201 1325 1257 ut
1344 1195 1464 1255 infinita
1484 1194 1568 1254 illius

480 1308 613 1369 varietas
635 1309 668 1364 at
688 1299 855 1362 multitudo
870 1299 1043 1379 aperiatur,
1067 1318 1197 1380 amque
1211 1300 1290 1359 siam
1306 1298 1378 1359 iniri
1390 1305 1568 1379 propterea,

361 1448 368 1460 ·
481 1409 564 1489 qnod
586 1407 706 1479 unitas,
736 1402 871 1464 essentia
893 1408 926 1463 et
947 1400 1124 1464 differentia
1144 1410 1288 1481 tanquam
1310 1406 1439 1462 naturae
1460 1418 1518 1480 per
1533 1419 1570 1463 se

481 1514 658 1573 constantes
681 1509 868 1586 spectantur.
913 1504 991 1565 Nam
1012 1499 1052 1567 τὸ
1070 1509 1105 1568 tv
1118 1512 1167 1566 est
1179 1507 1355 1566 universum
1367 1523 1423 1567 ena
1437 1504 1568 1565 linitum.

482 1614 517 1676 lu
538 1613 599 1674 hoc
620 1615 724 1673 autern
746 1608 839 1669 simui
860 1608 1085 1687 comprehensa
1117 1614 1166 1669 est
1194 1608 1296 1669 torma
1317 1609 1382 1669 sive
1404 1599 1443 1669 τὸ
1466 1610 1570 1692 πέρας

483 1716 581 1799 ἔχοντ
609 1732 689 1793 quan
711 1711 836 1791 quidem
858 1731 916 1792 per
937 1730 973 1772 sa
994 1712 1189 1773 considerata
1211 1728 1279 1772 cum
1300 1710 1400 1791 dyade
1413 1708 1571 1788 componi-

482 1825 544 1880 tur.
591 1817 733 1896 Denique
766 1832 845 1894 quac
874 1816 958 1874 inter
993 1821 1159 1894 utrumque
1193 1813 1360 1874 intercedit
1395 1810 1572 1893 differentia

449 1906 451 1913 ’
483 1927 629 1999 tanquam
657 1935 772 1997 negans
800 1918 902 1995 aliqua
929 1919 1041 1996 copula
1068 1917 1237 1978 ternarium
1261 1937 1423 1979 numerum
1445 1916 1573 1977 efficere

483 2023 647 2085 iudicatur.
696 2019 784 2096 Quae
813 2019 937 2097 quidem
966 2020 1059 2080 trium
1087 2023 1218 2082 istorum
1245 2022 1469 2081 elementorum
1499 2036 1572 2078 con-

485 2124 613 2187 sociatio
641 2139 736 2201 quum
763 2122 796 2181 iu
823 2121 951 2201 singulis
980 2123 1154 2202 quibusque
1183 2123 1264 2184 entis
1293 2123 1373 2183 finiti
1399 2121 1509 2183 formis
1536 2139 1572 2180 ac

485 2226 627 2307 partibus
655 2241 781 2304 semper
807 2223 909 2285 denuo
936 2227 1159 2304 conspiciatur,
1193 2227 1291 2287 veluti
1317 2225 1571 2304 multiplicatione

486 2328 616 2410 quadam
638 2327 758 2387 infinita
779 2325 931 2402 allicitur,
955 2332 990 2387 ut
1011 2348 1105 2391 unum
1127 2330 1160 2390 in
1181 2330 1314 2391 infinitas
1336 2327 1455 2409 species
1476 2327 1573 2390 evolvi

485 2429 684 2495 statuendum
707 2423 758 2491 nt
801 2428 934 2491 Videtur
955 2431 1051 2510 igitur
1071 2432 1276 2513 philosophus
1299 2433 1385 2495 ideas
1407 2451 1479 2494 suas
1503 2450 1573 2492 curn

486 2534 622 2615 numeris
643 2531 760 2595 ideirco
783 2551 996 2613 comparasse,
1031 2536 1102 2616 quia
1129 2541 1162 2595 et
1188 2555 1225 2596 ex
1252 2537 1371 2596 unitate
1398 2534 1572 2615 prodirent,

486 2645 526 2718 at
542 2637 713 2700 existerent
731 2636 912 2696 innumerae
933 2643 967 2697 et
987 2639 1019 2698 iu
1041 2658 1077 2699 se
1096 2640 1173 2719 ipsis
1197 2644 1302 2699 essent
1324 2640 1494 2700 absolutae.
1524 2635 1574 2698 Si-

487 2741 593 2802 milem
614 2741 768 2801 rationem
788 2739 961 2802 videbimus
984 2742 1075 2803 etiam
1088 2742 1170 2803 inira
1184 2761 1214 2821 p.
1228 2739 1298 2803 159.
1313 2741 1350 2804 l).
1366 2761 1432 2820 sqq.
1467 2741 1574 2819 ltaque

486 2845 577 2905 Plato
606 2843 694 2904 ideas
720 2841 958 2923 haudquaquam
986 2864 1045 2925 pro
1072 2846 1148 2926 ipsis
1177 2845 1313 2907 numeris
1335 2845 1433 2905 voluit
1454 2843 1574 2921 haberi,

488 2946 545 3009 sed
576 2965 646 3006 cum
675 2946 714 3008 iis
742 2948 929 3023 compararit
956 2956 1140 3029 propterea,
1168 2949 1253 3029 quod
1279 2948 1383 3028 specie
1413 2966 1520 3009 eorum
1543 2955 1576 3009 et

488 3049 622 3129 imagine
644 3048 762 3128 optime
784 3050 938 3110 declarari
959 3069 1054 3130 posse
1074 3053 1250 3126 videretur,
1282 3068 1342 3131 quo
1365 3052 1458 3113 modo
1481 3070 1575 3131 quum

489 3171 526 3213 ex
547 3152 665 3211 unitate
687 3151 751 3211 sive
773 3169 892 3211 summa
914 3153 993 3212 entis
1016 3152 1125 3223 torma,
1139 3164 1354 3228 numerentur,
1377 3155 1574 3216 nihilominus

490 3259 593 3312 tamen
622 3269 679 3330 per
704 3269 741 3311 se
766 3254 974 3314 consisterent
1002 3261 1094 3334 atque
1122 3262 1228 3318 essent
1256 3257 1426 3320 absolutae.
1477 3260 1576 3337 Quam

491 3352 615 3431 quidem
643 3353 828 3415 seutentiam
855 3362 993 3419 nostram
1022 3378 1084 3420 nnn
1111 3361 1313 3423 mediocriter
1338 3368 1481 3441 putamus
1503 3381 1577 3424 con-

490 3454 607 3515 firmari
627 3475 682 3532 co,
705 3457 789 3535 qnod
811 3459 1006 3521 nobilissimo
1026 3462 1082 3524 illo
1103 3462 1308 3544 Reipublicae
1328 3465 1398 3525 loco
1423 3465 1494 3527 libr.
1510 3463 1575 3539 vu.

492 3577 522 3640 p.
535 3558 609 3620 521.
624 3559 649 3620 C
662 3595 704 3605 —
717 3558 789 3621 527.
812 3561 898 3639 (coll
911 3561 962 3625 Vl.
985 3585 1015 3644 p.
1030 3565 1101 3627 511.
1116 3566 1170 3646 D.)
1192 3568 1361 3647 figurarum
1383 3577 1415 3628 et
1433 3588 1576 3629 numero-

492 3680 564 3723 rum
593 3663 819 3725 abstractarum
847 3669 1068 3748 contemplatio
1098 3689 1166 3730 earn
1193 3673 1252 3730 vim
1275 3671 1392 3732 habere
1413 3672 1576 3748 indicatur,

492 3768 528 3826 ut
556 3765 690 3825 animum
718 3765 756 3827 ad
785 3772 1030 3847 cognoscendam
1058 3773 1156 3853 ipsam
1183 3792 1288 3834 rerum
1321 3783 1461 3835 naturam
1491 3775 1578 3853 quasi

492 3867 615 3929 sttollat
635 3869 794 3948 magisque
814 3873 927 3935 reddat
949 3877 1101 3940 idoneam.
1143 3877 1272 3938 Numeri
1289 3876 1371 3937 enim
1386 3883 1479 3955 atquc
1492 3895 1577 3936 men-

493 3992 600 4048 surae,
623 3975 695 4053 quia
716 3975 840 4036 omnino
863 3997 966 4039 rernm
984 3980 1139 4041 finitarum
1153 3981 1305 4041 rationem
1323 3979 1492 4052 deliniunt,
1514 3996 1578 4040 non

493 4075 648 4137 modoad
670 4096 774 4138 rerum
796 4084 1009 4159 terrestrium,
1038 4085 1094 4144 scd
1117 4085 1207 4146 ctiam
1234 4085 1274 4146 ad
1294 4084 1433 4146 idearum
1455 4100 1579 4142 accura-

492 4186 560 4250 tam*
578 4181 785 4260 cognitionem
807 4184 974 4262 plurimum
997 4185 1108 4246 valent.

578 4283 642 4345 Sed
663 4282 806 4346 nolumus
823 4286 945 4366 longius
967 4289 1001 4349 in
1021 4289 1104 4351 lsunc
1123 4309 1260 4371 campum
1281 4287 1463 4369 exspatiari,
1487 4306 1580 4369 quern

495 4384 548 4460 qni
570 4391 670 4447 totum
693 4387 814 4448 emetiri
837 4391 927 4465 velit,
950 4393 979 4452 ei
1001 4392 1129 4472 scriptio
1144 4397 1218 4456 satis
1232 4394 1332 4474 ampla
1343 4398 1438 4472 atque
1452 4394 1580 4473 copiosa

494 4484 592 4546 fuerit
613 4491 834 4567 componenda.
878 4494 947 4554 Hoc
968 4513 1063 4556 nanuum
1078 4497 1236 4559 addidisse
1248 4495 1381 4571 iuvabit,
1404 4497 1579 4560 rectissime

495 4606 570 4650 saue
597 4597 629 4651 et
657 4591 817 4656 doctrinae
845 4594 984 4658 Platonis
1011 4618 1141 4678 prorsus
1167 4599 1399 4662 accommodate
1425 4600 1487 4663 hoc
1508 4601 1577 4661 loco
