3775 5442
420 649 484 712 σεε
670 645 840 707 paoem
870 599 1249 704 COMMENTARms

420 844 478 890 ται,
507 817 646 894 πρόφασιν
674 813 758 876 αὗτῦν
785 816 833 876 τόν
854 817 965 889 Ζῆνωνα
994 816 1154 890 ποιούμενος
1176 816 1221 887 τῆς
1243 814 1374 889 συναφῆς.
1419 819 1507 876 ταῦτα

420 922 474 998 μάρ
495 906 526 991 δῆ
548 916 732 993 μετενήνεκται
751 923 846 995 σαφιῦς
867 918 922 979 άπό
944 920 1000 978 τάν
1028 918 1185 993 θεολόγων·
1217 915 1237 989 ῆ
1259 914 1321 988 οὐχί
1342 913 1415 994 παρ’
1439 923 1507 978 ἐκεί-

419 1045 475 1090 νοις
497 1020 659 1080 συνάπτεται
679 1022 712 1079 τά
734 1027 809 1100 τρίτα
835 1030 891 1090 τοῖς
918 1020 1035 1098 πράτοις
1061 1019 1105 1078 διά
1119 1021 1150 1097 ¹)
1178 1019 1234 1077 ταῖν
1260 1023 1363 1094 μίσων,
1396 1021 1444 1078 καί
1466 1018 1505 1080 δι’

356 1121 492 1188 109αῦτά
511 1123 546 1182 τά
565 1126 653 1199 με’σα,Ι
682 1123 759 1202 παρά
787 1124 890 1185 τούτων
918 1124 973 1201 γάρ
1002 1125 1066 1195 ἔχει·
1080 1122 1130 1194 τῆν
1156 1122 1281 1194 γοητικὴν
1307 1121 1364 1181 ταῖν
1390 1123 1506 1201 πρώτων

420 1226 548 1305 δύναμιν·
572 1226 618 1284 καὶ
639 1221 672 1284 οῦ
692 1227 885 1302 τοῦτομόνον,
907 1226 949 1285 ὅτι
965 1225 1010 1283 διά
1028 1225 1078 1283 τοῦ
1098 1222 1267 1301 άτελεοτέρου
1290 1226 1337 1283 καί
1358 1226 1505 1303 προςεχοῦς

421 1327 495 1407 αῦτηῦ
516 1327 721 1406 συνάπτεταιί)
749 1329 818 1407 πρός
838 1330 869 1388 τό
892 1327 1068 1405 τελειότερον,
1098 1324 1164 1386 άλλά
1185 1328 1231 1385 καὶ
1253 1326 1296 1385 ότι
1318 1330 1372 1405 πρὸ
1395 1326 1505 1390 πάντων

419 1432 469 1506 τῆν
490 1433 585 1492 ἕνωσιν
605 1427 694 1489 αιἰτιῦν
714 1435 803 1490 ἐθέλει
823 1438 953 1509 θεωρεῖν·
983 1429 1054 1491 οὕτω
1076 1431 1131 1508 γάρ
1153 1432 1200 1488 καί
1222 1429 1237 1488 6
1260 1431 1324 1496 νοῦς
1347 1429 1384 1498 αἱς
1405 1434 1503 1491 ἐνθεῦ-

419 1536 507 1613 ταιί)
529 1532 577 1607 τῆν
597 1557 625 1592 τε
648 1532 718 1605 ζωῆν
739 1533 786 1591 καί
806 1532 837 1592 τό
859 1529 907 1602 όν,
929 1536 976 1592 καί
997 1531 1122 1608 συνάψας
1143 1531 1240 1592 ἑαυτὸν
1260 1534 1293 1612 τῆ
1317 1534 1392 1612 ζωῇ,
1415 1530 1503 1594 κάκεί-

420 1661 467 1710 νης
475 1635 508 1713 ³)
528 1636 578 1708 τῆν
598 1635 668 1714 πρός
688 1633 719 1693 τό
742 1634 775 1695 ῦν
795 1633 888 1696 ἕνωσιν
910 1634 991 1715 όραῖν,
1014 1637 1061 1693 καί
1081 1633 1178 1694 ἑαυτὸν
1200 1633 1270 1693 οὕτω
1292 1634 1420 1695 συνάπτει
1436 1637 1502 1714 πρός

419 1740 451 1799 τό
473 1734 512 1798 ῦν.
558 1738 628 1799 οὕτω
656 1741 685 1797 δὲ
711 1715 758 1797 καί
785 1741 840 1806 πᾶς
866 1738 975 1818 μερικός
1002 1739 1063 1804 νοῦς
1089 1737 1138 1809 τῆν
1164 1741 1228 1813 μίαν
1249 1738 1343 1795 ἕνωσιν
1364 1738 1501 1816 θεώμενος

418 1828 469 1903 τοῦ
490 1841 627 1918 μεθεκτοῦ
647 1841 696 1899 νοῦ
716 1841 785 1919 πρός
805 1842 853 1901 τόν
874 1838 1026 1917 άμὲδεκτον
1053 1845 1203 1918 ἐπιστρέφει
1224 1841 1268 1899 διά
1289 1845 1415 1917 θατέρου
1436 1842 1500 1920 πρός

418 1945 466 2004 τόν
496 1945 593 2022 ἕτερον.
637 1944 716 2014 δῆλον
739 1945 768 2000 δί
789 1944 834 2001 διά
855 1947 970 2021 ποτέρου
999 1943 1067 2021 πρὸς
1094 1949 1217 2020 πότερον.
1261 1942 1320 2009 ποῦς
1342 1933 1392 2002 οῦν
1413 1940 1501 2004 αῦτιῖν

419 2046 472 2125 6ρᾷ
492 2047 541 2118 τῆν
561 2046 670 2110 ἕνωσινς
691 2045 882 2124 πρῶτονμὲν,
911 2052 940 2104 ἐκ
962 2047 1009 2117 τῆς
1031 2047 1099 2118 ζωῆς
1120 2047 1166 2117 τῆς
1188 2040 1279 2118 άλλης·
1312 2037 1424 2104 παιδικά
1444 2046 1500 2123 γάρ

418 2140 451 2222 ῆν
472 2148 487 2207 6
510 2148 616 2221 Ζήνων,
638 2145 675 2214 οἷς
695 2154 864 2225 προείρηται,
894 2148 932 2224 τῷ
952 2147 1172 2224 Παρμενίδειί)
1201 2150 1291 2207 ἔπειτα
1313 2152 1360 2208 καί
1379 2148 1423 2207 διά
1444 2152 1500 2209 τοῖν

419 2251 523 2327 λόγων·
557 2254 598 2310 δεῖ
617 2249 672 2328 γάρ
693 2248 749 2308 άπῦ
771 2252 818 2324 τῆς
840 2250 909 2323 ζωῆς
929 2245 1066 2328 άρχεσθαι
1087 2250 1138 2322 τῆν
1159 2248 1317 2326 ὁμοιότητα,
1347 2253 1393 2311 καὶ
1412 2258 1500 2311 τελευ-

419 2354 468 2411 τάν
489 2354 525 2420 είς
545 2353 608 2420 τοῦς
628 2351 734 2427 λόγους.
769 2355 816 2412 καί
837 2351 945 2421 εἰκότως
966 2350 1017 2410 ἀπ’
1040 2350 1197 2430 ἀμφοτέρων
1217 2354 1267 2425 τῆν
1288 2359 1431 2415 κοινωνίαν
1450 2352 1501 2414 αῦ-

417 2457 471 2514 τῦν
492 2455 666 2529 κατεδήσατο.
702 2458 747 2515 καί
775 2456 830 2536 γάρ
857 2456 912 2515 τῦν
939 2456 1035 2532 ψυχαῖν
1059 2458 1088 2514 ai
1114 2455 1238 2532 δυνάμεις
1265 2459 1364 2527 διτταί,
1394 2459 1500 2527 ζωτικαί

417 2562 466 2635 μὲν
487 2552 578 2626 άλλαι,
600 2561 748 2633 μνωστικαί
769 2563 797 2618 δὲ
819 2554 910 2618 άλλαι·
933 2561 980 2617 καί
1001 2558 1128 2628 δυνατόν,
1151 2558 1293 2633 δμοδοξίας
1316 2556 1412 2635 οῦσης,
1435 2560 1501 2638 ὁμο·

419 2661 555 2737 ζωίλτνμῆ
583 2668 724 2739 παρεῖναι,
754 2663 801 2720 καί
828 2660 962 2738 όμοζωίοις
991 2654 1086 2736 οῦσης,
1115 2663 1152 2738 μῆ
1181 2662 1310 2741 ὑπάρχειν
1339 2660 1497 2740 ὁμοδοξίαν·

416 2764 493 2844 παρά
515 2767 544 2823 δὲ
565 2770 621 2832 τοίς
641 2763 798 2841 ἐπιστῆμοσι
817 2762 881 2825 κατ’
903 2762 1043 2843 ἀμφότερα
1064 2762 1213 2843 πάντωςθ)
1236 2764 1253 2838 ῆ
1276 2764 1411 2843 ὁμοιότης.
1454 2768 1500 2840 τῆν

416 2873 465 2944 μὲν
487 2856 537 2928 οῦν
557 2868 683 2945 ἐρωτικῆν
704 2873 848 2928 κοινωνίαν
868 2866 885 2939 ἦ
909 2868 961 2940 ζωῆ
982 2872 1032 2942 μία
1054 2858 1123 2925 οῦσα
1144 2872 1303 2944 παρέχεται,
1326 2869 1377 2941 τῆν
1397 2872 1427 2928 δι’
1448 2869 1499 2930 τῦν

417 2970 559 3047 δογμάτων
579 2973 670 3040 κοινῆν
692 2975 794 3048 αἵρεσιν
815 2972 869 3028 τῶν
888 2970 1045 3045 μνωστικῶν
1066 2972 1199 3045 ἐπιβολῶν
1221 2974 1374 3045 συμφωνία.
1407 2972 1498 3049 διόπερ

416 3072 524 3137 εἰκότως
545 3071 560 3127 6
583 3069 727 3148 Σωκράτης
754 3068 806 3127 ἀπ’
834 3069 992 3151 άμφοτέρων
1020 3072 1083 3138 τοῦς
1112 3069 1210 3151 άτιδρας
1238 3079 1439 3152 ἐγκεκωμίακεν.
1482 3073 1498 3146 ῆ

354 3164 469 3241 11οοῦν
497 3171 627 3244 ταυτότης
653 3173 720 3245 αὕτη
748 3173 801 3231 τάν
828 3172 919 3248 λόγων
957 3177 1004 3232 καί
1031 3175 1049 3247 ῆ
1077 3176 1124 3248 τῆς
1155 3178 1224 3249 ζωῆς
1255 3180 1351 3246 ε”νωσις
1385 3178 1498 3254 μάλιστα

416 3274 540 3353 προςῆκει
560 3281 616 3342 τοῖς
640 3274 786 3351 θείοιςί),
816 3263 853 3332 ῦν
874 3277 941 3336 εἰσιν
963 3280 989 3336 οἶ
1010 3272 1103 3354 άνδρες
1125 3279 1238 3346 εἰκόνες·
1267 3284 1314 3338 καὶ
1334 3280 1434 3355 ταύτην
1454 3283 1499 3355 τῆν

416 3381 522 3450 ἕνωσιν,
544 3381 723 3457 κεκρυμμένην
744 3368 829 3438 οὖσαν
850 3384 904 3438 ἐκεῖ
924 3381 972 3438 καὶ
992 3386 1152 3453 λεληθυῖαν,
1182 3382 1246 3448 νοῦς
1266 3382 1349 3458 μόνος
1371 3387 1497 3462 καθορᾷ·

415 3482 456 3541 διό
479 3485 526 3540 καί
548 3481 563 3541 6
585 3482 731 3560 Σωκράτης
752 3483 888 3548 ἐξαπατᾶν
915 3487 963 3558 μίν
991 3481 1054 3549 τοῦς
1080 3484 1196 3551 πολλοῦς
1216 3485 1265 3543 τόν
1285 3487 1398 3559 Ζήνωνά
1419 3510 1499 3561 φησιν

416 3583 451 3652 οἷς
472 3582 505 3643 ου’
526 3585 559 3642 τά
581 3582 650 3641 αῦτιί
671 3588 798 3660 λε’μοντα,
827 3589 942 3644 κατιδεῖν
964 3589 993 3644 δὲ
1014 3584 1097 3652 αῦτός
1122 3588 1171 3658 τῆν
1198 3587 1346 3663 ταυτότητά
1373 3592 1430 3650 τοῖν
1451 3589 1499 3648 λό-

414 3713 478 3764 γων.
523 3689 570 3745 καὶ
591 3691 655 3752 ἴσως
675 3691 774 3764 πρέποι
795 3686 829 3747 άν
850 3691 897 3747 καὶ
916 3690 998 3749 τοῦτο
1021 3695 1076 3756 τοῖς
1097 3694 1245 3767 νεωτέροις,
1269 3695 1314 3749 καί
1336 3692 1359 3751 εί
1382 3715 1497 3769 συνημο-

413 3799 470 3869 ρεῖν
491 3789 633 3868 βούλοιντο
654 3794 710 3854 ταῖς
729 3794 929 3868 πρεςβυτὲροις,
952 3792 1052 3868 τρόπον
1074 3795 1162 3871 ἕτερον
1181 3798 1295 3870 μετιέναι
1316 3796 1365 3866 τῆν
1386 3795 1498 3856 ὑπόδε-

415 3918 464 3954 σιν.
495 3894 530 3960 ὥς
551 3891 605 3969 γάρ
626 3892 656 3949 ἓν
676 3895 732 3957 τοῖς
754 3889 855 3966 νόμοις,
877 3895 960 3966 φησίν
982 3891 1071 3967 αῦτός,
1093 3901 1149 3957 δεῖν
1170 3898 1231 3964 τοῦς
1253 3898 1365 3971 ποιητάς
1387 3896 1430 3958 άεί
1449 3904 1498 3974 μίν

413 3999 447 4053 τὰ
466 3999 548 4072 μέτρα
569 3995 615 4068 τῆς
636 3990 730 4071 &offic
749 3993 783 4050 τά
804 3995 858 4053 τῶν
880 3997 978 4070 ψυχῦν
998 4001 1151 4076 ίνερμητικά
1172 3999 1266 4068 σώζειν
1289 4007 1396 4070 ἐντοῖς
1417 4002 1496 4074 ποιῆ-

412 4121 494 4172 μασιν
500 4143 508 4167 ,
536 4095 701 4157 ἐναλλάττειν
722 4099 750 4155 δὲ
771 4098 818 4164 τάς
839 4095 969 4178 άρμονιάς
990 4105 1035 4159 καί
1058 4103 1121 4169 τοῦς
1142 4103 1267 4179 ῥυθμούς
1281 4097 1319 4178 ⁸).

477 4349 507 4416 l)
525 4349 554 4400 (λ.
573 4351 605 4399 D.
623 4347 746 4419 πράτοις,
765 4348 829 4401 άίλά
847 4351 900 4402 διά.
940 4381 969 4391 -
1023 4353 1051 4418 9)
1070 4356 1099 4404 Β.
1120 4356 1249 4409 συνάπτει.
1286 4385 1319 4396 -
1371 4358 1402 4422 5)
1422 4361 1448 4411 C.
1469 4360 1495 4411 ἓν

410 4434 517 4488 δεδήει.
552 4463 584 4474 -
620 4433 702 4500 4)(1.
722 4430 833 4501 κάκείνρ.
868 4463 903 4475 -—
935 4435 966 4503 ὅ)
986 4438 1015 4489 C.
1034 4440 1136 4494 1).τοιῖ
1154 4442 1329 4512 Παρμενίδου,
1350 4474 1381 4484 -
1406 4443 1437 4510 G)
1457 4447 1491 4496 D.

409 4519 516 4571 πάντων.
553 4547 584 4558 -··
618 4519 648 4580 7)
667 4518 696 4567 C
717 4523 799 4574 θεοῖς.
836 4547 869 4558 -·
903 4518 933 4583 8)
953 4523 981 4574 Β.
1001 4521 1143 4593 ἀριθμούς.
