3775 5442
438 671 605 732 Pnocu
630 669 1010 733 COMMENTARIUS
1039 673 1086 732 ΙΝ
1116 672 1315 734 PARMEN.
1383 672 1448 736 08³

537 839 669 908 Πείρατος
684 841 710 889 ὲν
726 840 856 906 δεσμοῖσιν
872 841 925 903 ίχοι
942 836 975 890 τό
991 841 1036 905 μὶν
1052 838 1134 910 άμφλς
1150 845 1229 911 έίργει
1241 843 1275 904 ¹).

539 922 661 975 Τοῦνεκεν
678 920 726 974 οὖν
743 919 879 977 &vanam
894 930 970 976 τοῖον
980 927 1022 988 2),
1039 928 1063 978 τί
1079 932 1157 993 θίμις
1174 929 1252 978 είπεῖν
1262 931 1299 995 ³).

434 1057 522 1132 Ἀλλ’,
544 1063 580 1129 ὣς
599 1063 647 1121 καὶ
666 1049 746 1122 αύται
767 1065 892 1135 δηλοῦσιν
912 1065 942 1122 αἱ
962 1066 1063 1143 ῥήσεις,
1090 1067 1154 1143 περὶ
1172 1069 1220 1123 τοῦ
1241 1065 1317 1134 ὄντος
1337 1072 1448 1140 φιλοσο-

374 1175 420 1244 φεῖ
439 1171 522 1223 ταῦτα
544 1165 592 1223 καὶ
615 1163 648 1226 ού
664 1169 694 1238 ⁴)
721 1164 783 1244 περὶ
804 1168 851 1222 τοῦ
872 1168 956 1233 ίνός·’
973 1164 991 1225 οἳ
1011 1167 1043 1240 δη
1065 1167 1111 1225 καί
1132 1163 1148 1238 ἦ
1170 1168 1278 1244 δευτέρα
1300 1172 1448 1242 καταφὴσει
1482 1198 1484 1203 ·

374 1270 437 1347 περὶ
458 1269 556 1327 έκείνου
578 1268 716 1336 ὑπόθεσις,
736 1269 802 1343 μετά
823 1272 870 1324 τοῦ
891 1270 948 1335 ίνός
968 1269 1154 1343 συμπλέκουσα
1174 1267 1205 1327 τό
1226 1269 1266 1328 δν.
1308 1271 1333 1329 εἰ
1353 1257 1400 1328 σύν
1421 1273 1449 1329 έν

375 1373 477 1437 τούτοις
496 1373 542 1429 καί
563 1372 647 1448 πέρας
668 1367 716 1429 σῦκ
737 1370 798 1443 ἔχον
818 1369 1008 1428 ἀποδείκνυται
1028 1371 1059 1426 τό
1081 1370 1109 1428 έν
1128 1368 1176 1427 καὶ
1196 1373 1233 1447 μή
1254 1376 1373 1448 κείμενόν
1384 1396 1446 1443 πον,

373 1474 438 1548 μήτε
458 1476 486 1530 έν
505 1471 577 1548 αύτᾷ
596 1466 662 1547 μήτ’
684 1479 712 1532 ίν
732 1468 803 1550 ἄλλα
824 1472 871 1530 καὶ
891 1468 951 1540 σύχύ
971 1471 1002 1529 τό
1020 1470 1065 1541 δν,
1095 1470 1143 1531 ούκ
1164 1473 1269 1548 ἔλεγχός
1289 1481 1343 1534 ίστι
1362 1481 1448 1534 ταῦτα

373 1582 418 1647 τῆς
439 1573 610 1651 Παρμενίδου
637 1577 811 1648 φιλοσοφίας,
840 1566 901 1632 ἀλλ’
930 1574 1028 1646 ίκείνης
1054 1573 1195 1648 μενούσης,
1224 1578 1372 1653 πρόςάεσις
1403 1581 1448 1648 τῆς

374 1676 527 1753 ὑπερτέρας.
568 1679 649 1756 ταύτη
669 1679 720 1752 μέν
738 1663 787 1734 σύν
806 1680 890 1735 ταῦτα
912 1677 1069 1753 διορίζομεν.
1111 1667 1155 1733 ότι
1176 1676 1206 1735 δέ
1232 1679 1263 1733 τό
1291 1672 1447 1751 ούδαμσῦ
1550 1703 1557 1719 ε

374 1779 524 1855 κυριώτατα
546 1776 593 1834 καί
619 1776 711 1844 ἅπλῶς
731 1778 776 1836 ἐπί
796 1783 841 1850 τῆς
861 1778 969 1855 πρέιτης
994 1776 1084 1844 αέτίας
1103 1779 1226 1855 λέγομεν,
1255 1777 1446 1853 ύπομνηστίον.

374 1882 476 1954 λέγεται
496 1882 545 1954 μὲν
564 1854 619 1958 γάρ
639 1879 687 1935 καὶ
706 1875 722 1949 ἦ
743 1884 814 1954 ψυχὴ
839 1885 968 1945 πολλάκις
994 1875 1130 1955 ούδαμοῦ,
1157 1880 1204 1937 καί
1231 1879 1447 1958 διαφερόντωςῆ

374 1974 500 2050 ἄσχετος·
523 1980 576 2037 ύπό
598 1976 703 2047 ούόενός
725 1984 780 2059 γάρ
801 1986 935 2053 κατέχεται
958 1984 1012 2038 τῶν
1031 1983 1165 2059 δευτέρων,
1186 1979 1246 2040 ούδι·
1268 1985 1447 2061 περιείργεται

373 2084 419 2140 διά
440 2084 472 2154 δὴ
493 2104 563 2149 τινος
583 2085 694 2153 σχέσεως
715 2079 732 2154 ἦ
752 2085 869 2162 ίνέργεια
890 2079 983 2153 αύτῆς,
1011 2088 1140 2160 καθάπερ
1161 2087 1247 2156 σχέσει
1267 2085 1318 2141 τινί
1339 2085 1448 2159 δεδομέ-

373 2209 423 2260 νης
444 2189 514 2263 πρός
533 2189 571 2242 τά,
591 2186 660 2260 μεταλ
684 2186 791 2257 ταύτην.
833 2188 936 2260 λέγεται
957 2185 987 2240 δύ
1011 2187 1059 2244 καὶ
1080 2187 1096 2243 ό
1116 2189 1177 2252 νοῦς
1204 2182 1285 2245 εἶναι·
1307 2173 1514 2256 πανταχοῦ110

373 2293 426 2366 γάρ
447 2291 516 2348 ἔστιν
536 2287 635 2361 δμοίως
655 2285 702 2344 καί
722 2287 792 2344 πᾶσι
812 2288 940 2363 πάρεστιν
960 2289 990 2352 ἐξ
1008 2292 1069 2346 ἴσον
1094 2288 1185 2364 πολλῷ
1210 2289 1312 2364 μᾶλλον
1332 2286 1379 2342 καλ
1400 2287 1446 2344 διά

373 2381 419 2462 τῆς
444 2391 565 2459 τοιαύτης
591 2388 743 2464 παρουσίας
764 2391 793 2443 έν
814 2383 901 2443 οῦδενλ
929 2389 1067 2458 κατέχεται
1094 2395 1147 2446 τῶν
1174 2386 1255 2447 αύτοῦ
1276 2391 1445 2468 μετεχόντων,

373 2495 476 2567 λέγεται
497 2489 543 2545 καὶ
563 2491 630 2551 θεός
651 2481 718 2542 εἶναι
739 2483 874 2564 ούδαμσῦ,
896 2481 937 2543 ’ότι
954 2489 1059 2545 πάντων
1079 2492 1222 2565 ίξύρτηται,
1242 2483 1286 2547 ότι
1300 2488 1448 2564 άμίθεκτός

375 2600 458 2660 ἐστιν,
479 2586 521 2646 ὅτι
536 2588 658 2664 κρείττων
670 2587 725 2643 ἐστὶ
737 2586 830 2656 πάσηςΙ
841 2589 979 2652 κοινωνίας
993 2590 1040 2646 καὶ
1058 2592 1145 2661 πάσης
1157 2594 1282 2659 σχέσεως,
1304 2588 1351 2646 καὶ
1361 2592 1448 2660 πάσης
1530 2594 1531 2597 ’

375 2695 445 2772 πρὸς
456 2694 489 2748 τά
498 2686 566 2749 ἄλλα
578 2687 728 2751 συντάξεως.
750 2684 852 2762 λίγειαι
862 2690 911 2765 μίν
922 2675 971 2746 ούν
981 2691 1045 2769 περὶ
1055 2694 1108 2748 τῶν
1119 2696 1200 2769 τριῶν
1207 2691 1324 2769 άρχικόν
1331 2689 1448 2747 ύποοτά-

376 2819 450 2863 σεων,
472 2790 539 2869 ὅπερ
552 2785 642 2858 εἶπον,
663 2786 761 2845 έκαστα
774 2789 872 2847 τοίτνν
884 2786 991 2868 όρθῦς,
1013 2785 1073 2850 ἄλλ’
1087 2789 1137 2864 οὐχ
1149 2793 1165 2849 δ
1178 2789 1257 2858 αύτδς
1277 2793 1377 2869 τρόπος
1404 2789 1448 2847 ίπί

375 2903 483 2958 πάντων
502 2897 550 2951 τοῦ
571 2887 698 2966 ούδαμοῦ.
742 2891 812 2965 ψύχη*
832 2893 882 2966 μίν
906 2895 961 2971 γάρ
988 2890 1108 2970 ούδαμοῦ
1134 2896 1186 2950 τῶν
1212 2896 1279 2969 μετά
1298 2890 1447 2966 minan),

375 2994 439 3060 ἀλλ’
461 2994 510 3068 σύγ
531 2993 622 3058 ἁπλοῦς
642 2988 776 3066 ούδαμοῦ·
796 2996 901 3059 πάντως
920 2998 974 3072 γάρ
996 2997 1050 3053 ἔστι
1071 2997 1117 3054 καί
1138 2997 1166 3052 ἓν
1185 2997 1266 3076 ίαεπῇ
1286 2995 1321 3061 ὧς
1341 2991 1448 3052 αύτοκί·

375 3123 451 3175 νητος
478 3097 524 3156 καλ
550 3100 577 3153 έν
603 3094 636 3173 τῇ
663 3095 737 3170 αἰτίρ
763 3094 798 3174 τῇ
823 3100 929 3169 δαατῆς,
958 3099 1047 3172 ὶπειδὴ
1075 3097 1122 3155 καλ
1146 3101 1286 3168 πανταχοῦ
1307 3098 1337 3156 τύ
1360 3101 1447 3154 αἴτιον

375 3205 520 3283 προείληφε
539 3203 586 3270 τήν
608 3198 654 3252 τοῦ
676 3194 887 3273 άποτελίσματος
911 3199 959 3258 καλ
979 3202 1146 3277 περιείληφεν
1173 3200 1291 3266 όνσειδόις
1319 3201 1446 3274 δύναμιν·

377 3309 437 3370 νοῦς
457 3305 487 3360 δέ
508 3298 627 3373 ούδαμοῦ
647 3298 695 3353 καλ
715 3295 795 3366 αύτός
814 3305 867 3359 τῶν
885 3297 947 3378 μετ’
971 3299 1067 3360 αύτόν·
1094 3301 1153 3358 ίπελ
1172 3302 1219 3359 καὶ
1240 3309 1268 3361 ίν
1286 3301 1357 3378 αύτῷ
1377 3303 1447 3359 ίστιν

376 3404 600 3466 αῦθνπόοτατσς,
622 3399 668 3458 καὶ
688 3401 726 3458 ἔτι
746 3402 896 3478 περιίχεταί
914 3426 947 3479 γε
968 3402 1021 3461 ύπό
1041 3409 1086 3476 τῆς
1107 3404 1206 3468 οἰκείας
1227 3404 1329 3472 αἰτίας,
1353 3404 1376 3462 εἰ
1395 3405 1445 3478 μέν

375 3495 465 3583 βούλίι
485 3506 651 3579 θεολογικῶς
671 3505 772 3575 φαίνοι,
800 3509 846 3577 τῆς
865 3510 1010 3582 πατρικῆς·
1037 3509 1092 3572 πᾶς
1112 3509 1165 3582 γάρ
1187 3508 1248 3571 νοῦς
1268 3508 1371 3582 πατρός
1391 3507 1446 3562 ίοτι

377 3615 445 3678 νοῦς,
467 3608 484 3664 ό
503 3609 553 3683 μὲν
572 3608 619 3662 τοῦ
641 3597 706 3663 ὅλου
726 3608 842 3683 πατρός,
863 3606 880 3662 ό
900 3608 930 3665 δέ
950 3611 997 3664 τοῦ
1017 3613 1062 3679 τῆς
1082 3607 1181 3672 οἰκείας
1200 3609 1307 3683 τριάδος
1328 3609 1445 3684 πατρός·

377 3715 524 3790 περιέχεται
536 3709 602 3785 γοῦν
611 3707 663 3764 ύπό
677 3711 724 3763 τοῦ
737 3710 840 3785 πατρός
859 3708 876 3765 ό
896 3715 966 3776 νοῦς.
1001 3710 1025 3767 τύ
1045 3711 1074 3767 δέ
1095 3710 1163 3766 κατά
1184 3712 1276 3767 τοῦτον
1290 3711 1379 3784 βούλει
1400 3710 1448 3766 τόν

377 3820 478 3890 τρόπον
498 3808 558 3881 σύχύ
578 3802 637 3867 άλλ’
660 3800 703 3867 ὅτε
725 3809 786 3886 mic}
804 3813 865 3875 νοῦς
884 3813 987 3883 ίφίεται
1006 3817 1053 3870 τσῦ
1073 3813 1129 3878 ίνός
1150 3810 1197 3869 καί
1217 3812 1244 3869 έν
1265 3812 1302 3886 τῷ
1321 3810 1360 3867 ἑνί
1379 3831 1446 3888 κρα-

378 3918 460 3972 τεῖται
474 3909 520 3996 ⁶),
549 3912 595 3969 καὶ
615 3913 661 3969 διό
681 3914 757 3967 τοῦτο
779 3914 875 3986 ψεῦδος
895 3911 1015 3989 σύδαμοῦ
1036 3917 1120 3987 φάναι
1140 3918 1187 3970 τόν
1206 3916 1284 3981 νοῦν,
1312 3913 1397 3985 μόνον
1417 3912 1447 3970 δέ
1509 3932 1511 3937 ·

378 4018 409 4073 τδ
431 4014 459 4071 ἓν
479 4011 709 4089 ύπλῦςζσύδαμοῦ
731 4015 815 4071 ἔστιν·
846 4008 906 4073 ούτε
925 4017 981 4092 γάρ
1003 4019 1030 4074 έν
1050 4020 1105 4082 τοῖς
1125 4013 1187 4089 μετ’
1208 4013 1274 4072 αύτδ
1295 4017 1378 4082 ἔστιν,
1400 4013 1447 4072 άτε
1523 4044 1526 4049 ·

379 4118 533 4194 ἐξῃρημένον
553 4114 609 4175 άπό
627 4120 742 4188 πάντων,
765 4111 838 4174 ὅπου
856 4139 888 4193 γε
908 4114 970 4174 ούδέ
985 4118 1081 4184 όνοῦς,
1103 4114 1164 4174 οὐδὲ
1185 4114 1200 4188 ἦ
1222 4121 1307 4192 ψυχή’
1330 4117 1359 4174 αλ
1379 4118 1447 4189 μετά

378 4219 410 4274 τό
431 4215 460 4273 έν
479 4215 575 4295 άρχαί,
604 4214 664 4280 ούτε
690 4224 719 4278 ίν
742 4218 827 4293 ἑαυτῷ
853 4213 912 4276 οῦττ
939 4217 1043 4276 ἆπλοῦν
1069 4212 1112 4294 δν,
1129 4220 1177 4276 καὶ
1202 4224 1303 4285 παντός
1322 4223 1448 4291 πλήθους
1454 4236 1514 4293 120

450 4483 474 4546 Ι)
495 4485 525 4534 Α.
543 4486 643 4557 ένεργεῖ.
678 4517 710 4529 ·-
755 4488 786 4556 2)
804 4490 832 4541 Β.
849 4491 981 4543 τοιοῦτον.
1018 4519 1049 4529 -
1096 4488 1127 4554 ῦ)
1145 4489 1249 4556 Frnflm·
1271 4489 1442 4548 Ptrmffil·

380 4568 475 4639 p.72;
494 4568 915 4626 ιλιίνίόενεεὶιιλεείίοιιοε.-
950 4575 983 4641 4)
1001 4576 1032 4626 B.
1051 4575 1081 4626 C.
1101 4593 1152 4625 σεο.
1173 4572 1214 4627 ού.
1247 4604 1280 4613 -
1313 4572 1391 4640 δ)λί.
1412 4575 1441 4625 C.

376 4651 437 4724 μετ’
457 4651 547 4719 αὐτόν.
592 4684 624 4695 -
672 4656 704 4724 6)
721 4659 754 4710 D.
778 4663 961 4733 διακρατεῖται.
