3775 5442
770 633 991 714 Prolegourena.
1406 639 1428 700 b
1443 713 1448 720 ι

336 809 376 866 sit
399 803 603 867 balbutientis
625 804 788 871 barbariae
809 807 900 867 vitiis.
944 807 1009 868 Sed
1022 807 1097 869 boc
1127 806 1251 886 quidem
1272 807 1423 885 quodam-

334 924 430 984 modo
454 922 690 985 condonandum
712 922 807 984 fuerit
828 944 933 986 rerum
959 927 1205 1005 explicandarum
1222 926 1364 1007 gravitati
1385 946 1420 990 uc

273 1014 278 1040 ν
332 1043 529 1117 difficultati,
573 1063 662 1123 quam
692 1045 752 1123 ipsi
790 1063 882 1123 saepc
917 1052 1034 1107 tantam
1069 1067 1140 1108 esse
1173 1048 1342 1120 sensimus,
1384 1053 1419 1108 ut

332 1166 438 1227 omnia
453 1161 654 1225 Ciceroniana
673 1164 826 1244 elegantia
846 1165 1000 1245 explicare
1020 1169 1103 1229 selle
1123 1186 1198 1229 sanc
1218 1166 1418 1227 temerarium

331 1285 492 1345 rideamr:
518 1283 613 1344 modo
634 1285 716 1346 enim
737 1286 940 1365 perspicuitas
962 1289 1111 1351 orationis
1133 1293 1166 1349 et
1193 1285 1416 1350 sententiarum
1488 1371 1493 1379 ἱ

330 1404 429 1473 adsit,
451 1401 637 1481 elegantiam
658 1403 708 1462 six
730 1405 889 1483 quisquam
910 1406 943 1467 in
964 1407 1019 1467 tali
1037 1406 1205 1484 scriptione
1220 1406 1290 1466 iure
1306 1413 1414 1484 postu-

329 1523 448 1585 haesit.
492 1519 612 1584 Verum
634 1523 719 1602 quod
739 1525 864 1603 quidam
884 1523 965 1585 adeo
983 1526 1135 1604 ingeniosi
1151 1543 1221 1587 usse
1235 1524 1268 1584 in
1283 1523 1413 1586 Platone

329 1641 566 1720 interpretando
588 1644 774 1717 voluerunt,—
792 1651 828 1706 ut
849 1645 878 1705 ei
900 1661 957 1704 sua
975 1643 1116 1721 ipsorum
1137 1645 1255 1704 somnia
1276 1646 1412 1724 quamvis

329 1761 551 1823 absurdissima
581 1760 731 1842 affingere
757 1782 819 1825 nou
849 1764 1043 1836 dubitarent,
1083 1781 1177 1841 quum
1204 1763 1327 1822 iuterim
1352 1764 1412 1840 ipsi

329 1882 488 1945 Platonem
510 1882 637 1942 minime
656 1882 882 1961 intelligerent,
917 1890 967 1945 est
993 1882 1054 1944 buc
1081 1901 1156 1944 sane
1179 1882 1348 1955 eiusmodi,
1377 1887 1413 1942 ut

327 2020 389 2062 uon
415 2001 509 2063 modo
540 2000 691 2078 insignem
725 2001 897 2078 levitatem,
930 2021 1037 2064 verum
1072 2004 1165 2063 etiam
1197 2001 1341 2063 stolidam
1374 2018 1411 2060 uc

326 2121 521 2181 temerarium
549 2122 756 2199 amogantiam
783 2122 955 2182 certissime
981 2129 1099 2202 arguat.
1134 2122 1174 2182 dl
1201 2140 1260 2200 qua
1287 2126 1323 2181 ut
1349 2139 1407 2181 uos

327 2260 418 2319 quam
447 2241 577 2301 maxime
604 2237 696 2299 alieni
724 2238 824 2302 t'uisse
849 2242 1025 2317 videamur,
1053 2243 1115 2303 hoc
1135 2241 1214 2302 iilud
1237 2246 1300 2314 cst,
1323 2240 1407 2318 quod

324 2367 467 2438 optamus
489 2360 538 2419 sel
559 2360 706 2434 maxime,
735 2332 887 2441 siquidem
909 2362 1082 2422 litterarum
1105 2361 1214 2422 studiis
1237 2361 1295 2420 ista
1317 2366 1406 2439 peste
1474 2339 1475 2345 ἵ

324 2480 401 2540 nibil
422 2478 518 2558 megla
541 2479 669 2541 officere
691 2481 780 2541 nobis
802 2484 924 2561 penitus
947 2483 1166 2560 persuasimus.
1209 2481 1280 2540 Erit
1301 2484 1404 2540 autem

324 2601 492 2680 disputatio
520 2603 627 2660 nostm
646 2600 679 2662 iu
707 2607 852 2679 quattuor
880 2603 977 2663 divisa
997 2608 1112 2682 partes.
1163 2601 1300 2661 Primum
1323 2600 1404 2660 euim

322 2721 420 2780 totius
448 2719 521 2780 libri
546 2727 759 2799 argumentum
787 2727 937 2801 perpetua
956 2742 1179 2802 persequemur
1200 2721 1403 2794 enarratione,

322 2846 419 2916 atquc
439 2838 567 2898 eilioere
587 2842 766 2901 conabimur
786 2841 864 2912 hoc,
896 2846 931 2900 ut
953 2843 1142 2920 singularum
1165 2842 1403 2917 argumentatio-

323 2976 398 3018 num
422 2958 466 3018 ris
489 2962 521 3016 et
542 2960 615 3020 ratio
640 2961 739 3021 omnis
762 2959 963 3039 intelligatur.
1007 2958 1127 3019 Deinde
1143 2957 1297 3033 copiosius
1311 2974 1403 3033 quae-

322 3096 426 3138 remus
449 3076 489 3137 de
511 3096 629 3142 summo
651 3082 748 3142 totius
771 3080 875 3158 operis
898 3081 961 3141 ‘dua
982 3085 1015 3141 et
1036 3077 1214 3159 proposito,
1249 3093 1309 3153 quo
1331 3075 1402 3134 loco

322 3197 412 3258 simul
434 3200 581 3260 nonnulla
602 3200 685 3262 haud
707 3203 843 3280 ssulgaria
865 3201 906 3262 de
926 3201 1084 3262 Platonica
1104 3195 1244 3260 idca'rum
1261 3195 1401 3257 doctrina

322 3324 522 3397 exponentur.
571 3321 651 3382 'l'um
680 3322 720 3383 de
748 3328 874 3382 externa
899 3321 973 3381 libri
1002 3320 1104 3382 forma
1125 3339 1160 3380 ac
1181 3317 1298 3398 specie,
1321 3335 1400 3394 quae

320 3456 486 3517 sanequam
512 3441 675 3521 singularis
698 3447 763 3516 est,
792 3439 1009 3519 explicabitur,
1037 3447 1208 3518 ageturque
1230 3438 1270 3498 de
1291 3454 1399 3515 perso-

320 3559 383 3631 nis,
406 3577 486 3636 quae
499 3561 713 3640 colloquentes
724 3561 927 3634 inducuntur,
951 3560 991 3619 de
1008 3567 1118 3620 ornatu
1136 3558 1249 3637 dialogi
1266 3560 1397 3631 scenico,

319 3677 359 3737 de
387 3678 579 3741 dissserendi
605 3679 707 3742 forma
735 3686 767 3740 et
794 3680 916 3741 ratione
942 3681 974 3740 iu
997 3698 1034 3740 co
1057 3679 1235 3756 conspicua,
1260 3677 1299 3736 de
1319 3682 1397 3736 tem-

317 3817 411 3876 pore,
434 3817 496 3877 quo
518 3800 631 3860 librum
652 3800 800 3879 scriplum
821 3818 890 3860 esse
908 3800 1057 3879 suspicari
1071 3798 1178 3870 liceat3
1205 3817 1283 3875 quae
1298 3797 1399 3856 omnia

317 3919 504 3996 peculiarem
526 3918 689 3998 requirunt
711 3919 951 3998 disputationem
971 3890 1155 3998 propterea,
1184 3916 1266 3995 qnod
1288 3922 1321 3976 et
1341 3936 1398 3994 per

317 4058 350 4098 se
386 4040 500 4101 multas
533 4039 649 4099 habent
683 4039 885 4100 difficultates
921 4044 955 4099 et
981 4039 1020 4098 ad
1052 4041 1265 4116 argumentum
1299 4038 1396 4098 totitas

317 4155 386 4218 libri
410 4162 526 4222 rectius
547 4158 744 4220 iudicandum
772 4157 855 4218 haud
883 4176 993 4235 parum
1015 4156 1140 4218 iaciamt.
1184 4155 1242 4216 llis
1263 4154 1396 4229 denique

315 4277 522 4359 subiungetur
550 4279 690 4357 quaestio
723 4277 763 4338 de
781 4277 861 4337 libri
889 4278 1067 4356 integritate
1089 4281 1182 4354 atque
1204 4274 1395 4348 assutoritate,

314 4413 406 4473 quam
433 4399 636 4460 tractabimus
662 4401 723 4473 lta,
757 4403 792 4458 ut
818 4398 909 4458 simaul
938 4416 1084 4460 conemur
1106 4394 1288 4466 ostendere,
1319 4412 1397 4472 quae

311 4514 354 4573 sit
383 4514 578 4580 Parmenidis
607 4538 676 4579 cum
705 4519 772 4580 aliis
800 4518 938 4580 Platonis
967 4518 1112 4597 operibus
1142 4514 1338 4574 cohaerentia
1365 4521 1397 4575 ct

310 4637 535 4712 necessitudo,
557 4643 591 4699 et
614 4632 770 4718 quomodo
793 4637 919 4700 decreta
939 4641 972 4700 iu
994 4657 1032 4699 eo
1055 4635 1204 4714 explicata
1226 4655 1294 4697 cum
1316 4638 1417 4697 omni·
