3775 5442
662 635 750 698 Liber
770 639 891 716 primus.
915 598 1035 699 ¹Scotio
1057 638 1091 701 V.
1357 642 1420 717 itt
1517 634 1519 640 ’

326 806 557 887 sdspeotslsiles
578 812 766 888 sequuntur3
793 808 950 872 diuersum
972 818 1022 873 est
1044 818 1147 875 sutem
1169 812 1208 874 sl)
1229 811 1358 891 iisdem,
1376 816 1418 880 -sl
1504 840 1506 845 ·

324 916 525 991 respectatur
544 917 655 974 nutius
676 911 744 973 clus
764 913 893 993 proprie
920 934 958 977 sc
977 915 1099 991 notive,
1118 935 1197 995 nus
1221 914 1320 981 hehet
1344 938 1439 999 perr

323 1013 444 1076 fectum
465 1015 701 1095 absolutumque
723 1015 891 1095 uuitstem‚
908 1037 1018 1099 uuum
1050 1010 1094 1081 τὰ
1121 1011 1209 1081 ἄλλα
1230 1025 1341 1082 ustum
1361 1042 1418 1086 sus

323 1119 391 1181 slst
410 1116 625 1182 multitudines
647 1116 803 1195 inlinitse‚
821 1140 905 1202 -quse
925 1123 954 1184 sl
975 1120 1064 1182 lluits
1084 1120 1236 1197 evadunt,
1258 1128 1362 1186 tumen
1383 1123 1418 1188 iu

322 1221 601 1299 sliqusmtsutum
622 1221 713 1283 ideue
735 1223 917 1286 societatem
939 1223 1417 1306 stcommuutouem.perveutrs

322 1323 529 1386 existimsuds
549 1330 632 1385 sunt.
1178 1341 1181 1346 ’

411 1424 519 1488 Psullo
547 1426 642 1487 latius
672 1427 751 1488 hsce
778 1429 1000 1506 messuimus,
1033 1435 1070 1492 ut
1098 1450 1191 1510 quum
1221 1431 1414 1497 intellectum

321 1527 440 1604 iuerlt,
463 1549 536 1609 -qus
563 1529 685 1591 ratione
713 1530 839 1594 Eleutes
863 1532 897 1593 in
917 1532 968 1595 luis
989 1533 1177 1612 explicandis
1199 1543 1339 1599 versutus
1360 1539 1415 1614 sit,

321 1631 447 1694 tadum
469 1633 511 1694 de
540 1633 670 1711 reliquis
690 1632 783 1695 huius
805 1635 996 1715 quaestionis
1018 1638 1157 1715 pertibus
1178 1637 1326 1701 iudicium
1348 1640 1413 1706 list.

322 1734 488 1817 Perglmus
509 1736 606 1816 igitur
626 1754 706 1796 nunc
727 1736 767 1797 sd
787 1738 943 1816 proximu,
967 1739 1079 1818 quibus
1100 1739 1134 1800 id
1154 1739 1268 1820 egitur,
1289 1748 1326 1804 ut
1346 1742 1414 1802 unl-

325 1839 380 1901 tstl
405 1840 456 1900 illi
483 1839 674 1920 intelligibili
702 1839 875 1903 similitudo
905 1861 942 1903 so
970 1834 1192 1905 dissimilitudo
1221 1843 1415 1908 vindicetur:

323 1942 357 2004 id
376 1943 464 2022 quod
486 1943 524 2002 lit
543 1942 617 2005 inde
638 1963 657 2004 s
678 1961 709 2023 p.
724 1943 844 2009 1410.
866 1964 967 2024 usque
988 1945 1028 2006 sd
1049 1965 1080 2025 p.
1094 1945 1165 2007 148.
1184 1945 1220 2008 (l.
1262 1945 1415 2021 Etsiuul·

323 2044 433 2108 litudo·
447 2045 572 2125 quidem
595 2067 631 2109 sc
652 2046 873 2108 dissimilitudo
895 2048 937 2108 dc
958 2047 1098 2111 Plutonis
1116 2050 1276 2113 sententis*
1292 2051 1325 2116 lu
1346 2049 1414 2114 lor·

323 2150 402 2212 tults
423 2157 611 2228 externaque
633 2151 772 2211 cernitur
798 2151 1032 2214 attributorum.
1048 2152 1268 2215 communitate
1289 2172 1326 2214 se
1348 2154 1413 2217 uls

321 2253 491 2333 csepsntis.
510 2297 512 2302 -
534 2252 610 2313 Num
631 2271 662 2334 p.
679 2253 752 2320 lto.
769 2254 807 2319 Ε.
830 2259 928 2335 ,utque
956 2256 1032 2318 slihl
1053 2255 1253 2323 Parmenides
1283 2256 1411 2321 disertis
1490 2325 1494 2333 ,

322 2356 443 2433 veron,
461 2348 511 2419 -τὸ
540 2349 665 2419 ταύτόν
691 2377 773 2429 που,
793 2358 911 2438 iuquit,
938 2351 1116 2431 πεπονθός
1138 2355 1262 2442 (ἐστιν)
1282 2353 1411 2445 ὅμοιον,

321 2479 453 2541 quocun
481 2458 567 2525 lusud
595 2458 702 2539 inepte
736 2463 906 2529 contendes
940 2462 997 2526 lllo
1028 2460 1175 2541 Reipubl.
1202 2461 1257 2530 IV,
1275 2484 1316 2545 -p,
1336 2463 1412 2544 888ι
1535 2452 1537 2459 ’

322 2551 446 2644 ἆρόὖν
474 2555 495 2626 ὅ
521 2585 559 2646 γε
586 2558 746 2630 ταύτόν
773 2587 826 2640 τις
854 2567 1078 2648 προςείπιιι
1108 2558 1256 2644 μεῖζόν
1288 2587 1324 2631 τε
1351 2568 1411 2630 καὶ

321 2665 518 2743 ἔλαττον,
538 2659 703 2748 ἀνόμοιον
723 2661 881 2750 τυγχάνει
905 2659 944 2732 ἂν
967 2662 1092 2755 ταύτῃ,
1123 2654 1142 2754 ᾗ
1165 2658 1292 2729 ταύτὸν
1314 2688 1410 2748 noco

321 2761 533 2852 αγορεύεται,
555 2762 576 2846 ἢ
589 2757 728 2850 ὅμοιονς
751 2762 901 2849 Ὅμοιον,
922 2770 997 2857 ἔφη.
1031 2768 1301 2848 Quemadmodum
1314 2768 1414 2847 tgttm

321 2870 524 2948 congruentis
549 2893 585 2939 uc
614 2871 791 2938 differentis
817 2872 949 2952 propius
975 2873 1113 2951 pertinet
1142 2869 1301 2948 adipsum
1329 2872 1413 2931 eutis

324 2972 408 3034 liniti
437 2973 497 3036 vim
521 2981 552 3037 et
580 2984 741 3049 notorum
773 2976 817 3036 its
842 2974 1014 3039 similitudo
1036 2975 1103 3036 eius
1126 2992 1162 3033 sc
1190 2971 1413 3035 dissimilitudo

321 3075 357 3136 in
387 3093 426 3139 eo
454 3084 502 3139 est
528 3082 711 3160 conspicuo,
746 3080 832 3160 quod
860 3099 898 3140 ex
925 3078 980 3139 illo
1001 3076 1069 3156 ipss
1089 3081 1196 3157 potest
1217 3073 1350 3149 deduci,
1377 3078 1412 3139 ut

320 3178 466 3262 proiecto
487 3184 715 3261 sapientissime
736 3192 877 3249 uersutus
898 3183 940 3247 sit
960 3180 1185 3262 philosophus,
1209 3177 1261 3258 qni
1283 3178 1321 3239 eb
1338 3177 1412 3255 illis,

322 3301 401 3363 quse
423 3301 493 3347 oum
516 3286 632 3347 eutium
653 3289 812 3349 finitorum
839 3295 950 3349 nstuss
976 3284 1162 3346 necessitate
1184 3283 1316 3362 qusdsm
1337 3300 1411 3347 con-

319 3387 424 3450 iuncte
444 3396 535 3465 sunt,
556 3391 714 3469 poullutim
735 3392 959 3470 progredietur
980 3388 1020 3450 ud
1042 3386 1228 3449 illustrando
1249 3404 1302 3460 eu,
1333 3405 1412 3463 quse

319 3492 572 3572 punito-lougius
594 3494 633 3556 uh
655 3512 692 3554 co
713 3494 865 3557 recedunt
887 3499 920 3554 et
941 3489 1039 3569 magis
1059 3488 1091 3552 iu
1108 3507 1180 3548 essu
1191 3487 1294 3565 posits
1304 3489 1413 3550 vlden-

320 3603 409 3662 tns..
434 3595 500 3657 Sed
526 3597 673 3660 nolumus
702 3596 793 3675 pluro
824 3594 977 3675 praeturis
1012 3592 1109 3653 setius
1140 3595 1209 3665 est,
1240 3591 1345 3657 ststim
1371 3593 1412 3655 sd

320 3699 497 3762 lustrsndss
525 3700 662 3779 singulus
689 3701 840 3762 secedere
866 3695 1171 3778 argumentationes,
1199 3695 1312 3774 quihus
1334 3694 1411 3756 Par-

320 3802 462 3866 menide·
491 3802 524 3863 id
555 3803 662 3865 studet
683 3802 826 3877 efficere,
861 3807 896 3867 ut
925 3797 1037 3862 unitati
1060 3796 1221 3878 cogltslsili
1244 3804 1276 3859 et
1297 3817 1356 3878 per
1377 3816 1413 3861 se

321 3911 481 3985 speetstse
506 3912 540 3969 et
568 3924 637 3965 cum
664 3905 780 3966 ceteris
801 3908 998 3982 comparatus
1026 3920 1091 3964 non
1113 3900 1207 3968 modo
1228 3899 1411 3979 similitudo,

319 4010 377 4077 sed
399 4009 492 4070 uiam
515 4007 735 4071 dissimilitudo
757 4006 921 4071 tribuenda
948 4007 1099 4071 videntur.

404 4111 493 4178 mm
513 4118 616 4176 sutem
639 4109 814 4189 disputuudi
835 4109 955 4176 initium
975 4111 1036 4183 sic,
1058 4113 1094 4168 ut
1112 4113 1183 4169 unte
1202 4107 1306 4170 omnis
1319 4124 1414 4166 ιιιιιιιι

320 4216 437 4276 ceteris
463 4216 575 4277 ducent
603 4220 636 4275 et
663 4214 766 4276 simile
795 4232 865 4275 esse
887 4220 919 4273 et
942 4210 1110 4285 dissimile,
1140 4211 1237 4290 idque
1258 4228 1296 4268 eo
1319 4206 1412 4269 modo

318 4317 460 4400 peragit,
481 4325 529 4380 ut
555 4317 673 4397 duplici
700 4322 808 4382 ututur
836 4320 1036 4396 argumento,
1069 4322 1220 4400 quotum
1242 4308 1413 4372 similitudo

317 4428 388 4484 tum
412 4420 633 4482 dissimilitudo
656 4420 899 4481 demonstretur.

408 4524 546 4586 Primum
574 4524 671 4603 igitur
697 4543 793 4583 unum
824 4525 940 4585 ceteris
970 4521 1074 4583 simile
1100 4534 1170 4579 esse
1197 4511 1356 4577 subtiliter
1376 4518 1414 4577 αι’

317 4633 431 4691 mutus
464 4646 574 4692 eorum
609 4626 785 4691 differentis
818 4627 934 4705 ornus,
979 4624 1021 4683 do
1057 4639 1117 4701 que
1150 4619 1267 4682 dictum
1300 4625 1349 4683 est
1380 4621 1414 4680 iu
