3775 5442
461 668 463 675 ,
492 636 555 699 124
823 635 909 695 biber
928 636 1048 713 primus.
1091 633 1191 693 Sestio
1211 634 1247 698 V.

458 811 460 815 ’
492 815 527 870 ut
547 810 580 870 in
608 824 728 869 summo
757 824 816 885 qua
838 805 1035 870 continentur
1056 805 1270 868 coniunctione
1291 826 1327 867 ac
1343 808 1574 870 necessitudine

491 917 594 975 umen
606 909 732 972 interae
746 908 867 971 diversa
880 927 950 970 esse
960 909 1124 974 iudicanda
1136 909 1207 972 slot.
1229 909 1367 989 Namque
1379 901 1418 973 τὸ
1430 915 1473 984 iv,
1485 918 1573 989 post-¹

493 1033 621 1093 eaquam
633 1013 729 1075 evasit
741 1011 873 1086 finitum,
880 1012 940 1074 etsi
952 1012 1112 1075 relationis
1123 1013 1269 1075 visanum
1283 1015 1453 1077 adiaoctasn
1465 1015 1572 1088 baba,

492 1125 595 1180 umen
616 1113 708 1196 simul
730 1115 887 1196 propriam
909 1115 971 1177 sibi
992 1134 1077 1178 suam
1098 1121 1206 1178 tuetur
1224 1118 1285 1178 vin
1305 1122 1338 1178 et
1356 1119 1573 1179 constantiamc

493 1212 533 1283 τὸ
554 1211 595 1284 ὄν
615 1226 718 1281 autem
740 1219 1023 1300 quamplurimum
1045 1219 1163 1298 polleat
1183 1220 1351 1303 relatione,
1382 1221 1453 1299 quia
1473 1218 1574 1279 lorms

492 1342 647 1402 nunquam
668 1340 730 1384 non
752 1321 947 1384 adhaerescit
967 1322 1131 1397 materiae,
1155 1323 1356 1384 nibilominus
1373 1322 1412 1383 ab
1428 1322 1496 1401 ipso
1511 1340 1573 1382 uano

493 1434 543 1490 est
563 1427 734 1502 diversum,
755 1431 792 1487 ut
813 1431 847 1488 ct
866 1425 968 1507 ipsum
990 1443 1047 1505 per
1064 1444 1099 1487 se
1115 1444 1257 1488 seorsum
1269 1432 1361 1506 queat
1373 1425 1573 1488 considerari.

461 1578 464 1586 ,
494 1532 581 1611 Quae
601 1531 629 1593 si
649 1548 723 1591 sere
745 1530 998 1604 observavimus,
1013 1529 1074 1590 iam
1095 1529 1156 1590 boc
1177 1531 1209 1590 in
1231 1530 1300 1591 icco
1314 1530 1487 1608 apparatio
1503 1548 1574 1590 ceu-

493 1652 561 1696 aum
588 1633 695 1694 venire
721 1633 883 1696 absolutae
912 1640 945 1696 et
971 1632 1118 1694 relativae
1138 1639 1266 1694 naturae
1287 1630 1462 1693 notionem:
1489 1634 1573 1712 quod

420 1771 423 1786 ·
494 1744 642 1815 quantum
662 1736 765 1837 valeat
786 1735 825 1797 ad
846 1741 944 1799 totam
973 1734 1054 1796 banc
1080 1735 1317 1815 disputationem
1345 1741 1432 1796 recte
1459 1735 1574 1796 inteili-

494 1839 642 1920 gendam‚
664 1859 735 1902 moa
756 1839 918 1920 apparebit
940 1837 1119 1900 clarissime.
1161 1837 1362 1900 Demonstrat
1388 1836 1484 1919 igitur
1512 1839 1575 1900 dis-

494 1948 620 2023 putator
646 1942 881 2016 aubtiliasimua,
917 1932 958 2002 τὸ
986 1943 1022 2003 ἓν
1049 1945 1081 2000 et
1103 1931 1142 2002 τὸ
1165 1931 1205 2002 ὅν
1232 1942 1298 2001 sive
1319 1947 1474 2018 ponantur
1493 1942 1576 2003 inter

494 2063 530 2106 se
556 2045 737 2118 arrianista,
767 2043 831 2105 aine
862 2050 993 2123 propter
1022 2049 1150 2104 naturae
1171 2059 1245 2104 surae
1267 2044 1471 2107 constantiam
1493 2046 1576 2107 inter

494 2148 678 2210 seinvicem
700 2147 824 2209 diuersa
845 2165 915 2208 esse
936 2152 1111 2221 sumantur,
1145 2152 1278 2223 utroque
1298 2146 1392 2206 modo
1414 2164 1576 2229 emergere

494 2250 707 2312 admirabilem
728 2251 811 2312 iilam
832 2250 1003 2313 formarum
1026 2255 1118 2327 atque
1140 2248 1272 2326 partium
1294 2249 1375 2309 entis
1397 2247 1476 2312 finiti
1497 2253 1576 2313 mul-

493 2354 675 2428 titudinem,
698 2371 758 2433 qua
780 2351 928 2415 mundum
950 2352 1090 2414 idearum
1112 2352 1309 2431 conspicuum
1331 2359 1510 2432 essentque
1530 2356 1577 2417 ln-

379 2504 382 2509 ,
494 2459 612 2538 signem
634 2457 724 2517 Plato
745 2455 776 2515 ln
799 2455 867 2517 aliis
889 2457 1084 2517 sermonibus
1107 2455 1265 2516 uerissime
1283 2455 1437 2518 iudicarit.
1480 2458 1577 2520 Nimi-

342 4706 397 4810 Ι

493 2579 562 2623 rum
584 2559 810 2624 recordandum
833 2565 882 2621 eat
902 2558 954 2620 bic
975 2576 1100 2639 qssoque
1120 2558 1206 2619 ideas
1229 2577 1289 2619 non
1319 2561 1412 2621 modo
1432 2567 1576 2641 tanquam

494 2665 615 2746 species
636 2669 741 2725 mente
765 2662 945 2725 informatas
961 2661 1122 2725 dialectice
1137 2662 1289 2741 spectari,
1312 2665 1367 2726 sed
1378 2664 1468 2726 dmui
1480 2685 1575 2746 pssu-

496 2769 643 2856 φυσικῶς
665 2768 864 2830 acconensi.
972 2794 1001 2860 .'

579 2869 642 2932 Sed
664 2870 714 2932 bis
736 2869 914 2951 praemissis
938 2867 1119 2933 accedamus
1141 2867 1180 2928 ad
1198 2868 1406 2948 explicandam
1420 2869 1577 2933 Parmeni-

496 2975 545 3038 dia
572 2970 879 3054 argumentationem.
929 2975 991 3053 Qui
1018 2973 1142 3051 quidem
1173 2972 1305 3051 primum
1336 2992 1355 3032 e
1383 2980 1489 3034 mutua
1516 2976 1577 3035 τοῦ

496 3071 570 3151 ἑνός
597 3083 631 3138 et
657 3079 718 3139 τοῦ
745 3070 844 3150 ὄντος
878 3075 1106 3136 necessitudine
1141 3079 1172 3133 et
1199 3075 1416 3144 coniunctione
1443 3078 1476 3137 ln
1505 3084 1576 3136 ento

495 3180 584 3241 flulto
606 3178 770 3256 conspicua
792 3177 918 3238 eilicere
940 3182 1068 3238 conatur
1089 3176 1183 3248 iilud,
1206 3179 1289 3254 qssod
1310 3180 1340 3239 ei
1363 3181 1393 3241 in
1410 3180 1468 3241 isac
1481 3199 1576 3259 quiae-

496 3281 605 3344 ationis
627 3283 717 3358 parte
737 3279 931 3357 propositum
954 3297 1024 3340 esse
1046 3278 1283 3357 significavimus
1298 3283 1340 3358 *).

580 3383 697 3446 Statuit
717 3383 813 3462 igitur
834 3382 983 3462 primum,
1014 3373 1052 3443 τὸ
1076 3381 1111 3444 ’ὲν
1132 3372 1172 3443 ὅν
1198 3383 1241 3442 itu
1264 3393 1471 3464 comparatum
1496 3404 1576 3460 csse,

496 3491 531 3547 ut
550 3504 644 3546 unum
666 3503 736 3545 cun
758 3503 795 3545 eo
809 3483 891 3563 quod
907 3503 977 3547 csse
988 3485 1101 3546 dicitur
1113 3485 1288 3546 tirmiasime
1300 3488 1465 3549 cobserent
1478 3504 1576 3568 neque

496 3607 631 3669 unquam
653 3589 783 3650 alterum
804 3589 843 3647 ab
866 3589 965 3650 altero
988 3589 1205 3668 poasltdiuelii
1218 3593 1452 3671 autsegrcgari.
1486 3592 1577 3670 Qasod

496 3693 618 3756 carita
638 3697 749 3773 ponat,
772 3698 914 3772 apertum
936 3711 1006 3754 esse
1027 3699 1180 3772 putamus.
1223 3693 1257 3755 ln
1272 3695 1367 3755 rebus
1383 3689 1478 3755 linitis
1494 3696 1577 3756 enim

497 3817 625 3878 promus
653 3814 782 3858 necesse
809 3803 857 3858 eat
890 3796 1025 3857 essentia
1054 3803 1147 3874 atque
1176 3797 1339 3858 attributio
1369 3799 1397 3857 ci
1431 3798 1576 3858 adiuncta

497 3909 640 3982 tanquam
663 3900 808 3961 materies
830 3906 862 3960 et
882 3898 984 3959 lorma
1005 3899 1214 3960 indissolubili
1236 3901 1358 3962 uinculo
1381 3917 1515 3961 conneaa
1534 3899 1577 3959 sit

497 4012 591 4085 atque
613 4004 766 4083 colligata.
809 4002 1016 4064 Nihilominus
1037 4004 1184 4063 antemio
1202 4003 1313 4063 eodem
1328 4004 1384 4064 illc
1397 4003 1441 4062 alt
1452 4014 1577 4078 semper

498 4109 636 4190 dignosci
659 4108 753 4168 licere
775 4097 815 4168 τὸ
837 4105 872 4168 ἓν
893 4110 926 4165 et
948 4097 987 4166 τὸ
1006 4094 1045 4168 ὅν
1062 4111 1205 4183 tanquam
1225 4107 1291 4168 eius
1302 4114 1416 4186 partes.
1456 4105 1578 4183 Quippe

496 4215 530 4276 in
558 4232 614 4288 ec,
649 4210 732 4290 quod
761 4230 796 4270 re
824 4227 895 4270 vera
924 4211 988 4281 est,
1023 4208 1159 4286 utramvis
1186 4214 1295 4270 natura
1318 4228 1375 4268 sua
1402 4226 1495 4266 annuum
1525 4208 1576 4284 sit,

497 4323 600 4378 umen
621 4331 774 4393 narnquam
798 4330 858 4374 non
882 4312 1059 4373 diseernere
1080 4312 1155 4372 licet
1175 4312 1247 4372 bina
1269 4328 1346 4389 uuae
1360 4310 1491 4370 diximus
1513 4312 1578 4373 ele-

498 4429 607 4479 menta.
651 4418 712 4478 lam
735 4433 808 4474 uero
832 4414 975 4492 quouiasn
998 4415 1075 4476 haec
1086 4415 1218 4493 partium
1236 4414 1368 4475 secretio
1381 4413 1411 4475 iu
1424 4415 1577 4481 institutum

501 4571 700 4583 ’.ν’-ι

565 4633 834 4701 numum
