3775 5442
473 638 535 704 82⁴
796 635 881 697 biber
902 638 1029 697 tertius.v
1060 635 1160 696 Sestio
1183 634 1230 694 ΙΙΙ.

476 810 643 872 verborum
664 807 768 888 copia,
797 827 859 889 qua
880 809 1073 888 posteriores
1094 825 1205 888 magno
1227 805 1390 868 commodo
1408 823 1467 866 auo
1487 805 1556 867 iru-

477 920 578 976 uutur.
619 911 786 974 Enimvero
808 930 903 993 quum
923 912 973 973 rei
993 911 1091 974 bodie
1112 928 1175 971 oon
1195 928 1267 971 raro
1284 911 1424 971 accidere
1442 909 1555 985 soleat,

476 1022 512 1078 ut
532 1015 592 1077 riri
618 1031 729 1095 graves
754 1020 787 1075 et
812 1015 895 1078 acuti
920 1015 955 1076 iu
981 1014 1222 1093 argumentando
1249 1021 1380 1094 propter
1407 1013 1556 1095 loquendi
1591 1052 1598 1069 .

467 1128 567 1184 'usum
592 1124 627 1179 et
652 1117 908 1181 consuetudinem
935 1118 1095 1192 labantur,
1123 1118 1228 1197 ecquis
1256 1118 1435 1192 mirabitur,
1470 1116 1556 1177 idem

476 1225 541 1287 iliis
567 1221 762 1303 temporibus
790 1239 849 1282 usn
876 1221 1015 1295 venisse,
1048 1220 1160 1300 quihus
1195 1220 1395 1301 philosophia
1422 1221 1556 1301 primum

477 1328 575 1390 veluti
596 1346 616 1388 a
644 1324 782 1386 tenebris
812 1324 947 1385 eluctata
969 1325 1042 1386 esti
1084 1323 1204 1385 Deinde
1225 1305 1309 1385 haud
1332 1323 1396 1385 scio
1418 1344 1457 1385 an
1480 1342 1558 1384 non-

478 1431 563 1493 nulla
583 1428 698 1492 sintin
720 1425 912 1488 Parmenidis
934 1428 1126 1505 qtraestione,
1149 1446 1228 1507 quaa
1249 1412 1557 1507 proptereatantum

479 1533 569 1596 uobis
591 1533 724 1595 obscura
745 1535 798 1590 aut
818 1528 941 1591 iailaoia
962 1531 1133 1606 videantur,
1157 1531 1240 1610 qood
1258 1531 1455 1592 decretorum
1466 1530 1558 1591 Elea-

478 1638 612 1699 ticorum
634 1641 667 1696 et
687 1633 917 1714 Megaricorum
938 1633 1081 1713 pleniore
1101 1635 1212 1697 notitia
1233 1653 1388 1707 caremus;
1416 1652 1507 1713 quam
1530 1634 1558 1696 si

478 1740 676 1812 haberemus,
698 1754 759 1799 noo
772 1737 892 1811 dubito,
915 1737 999 1816 quin,
1024 1753 1102 1815 quae
1116 1737 1383 1817 nunciieriioqus,
1405 1737 1558 1817 ambigua,

480 1842 603 1906 fallacia
631 1859 702 1904 esse
727 1840 952 1913 existimamus,
985 1857 1092 1902 eorum
1124 1840 1268 1902 idoneam
1298 1860 1437 1905 cromam
1464 1848 1559 1921 atque

480 1946 634 2008 rationem
669 1943 806 2003 habituri
841 1959 992 2004 essemus.
1046 1941 1120 2019 ‚Sed
1153 1943 1246 2004 huius
1281 1945 1405 2023 quidem
1433 1947 1559 2025 generis

481 2067 583 2128 nequo
603 2048 647 2108 ita
667 2046 867 2120 multarunt,
889 2032 991 2124 neque
1011 2063 1073 2107 uon
1096 2064 1223 2125 sperare
1245 2047 1328 2121 iicet,
1350 2048 1559 2111 futuroseaae

482 2151 573 2214 uobis
601 2149 757 2210 doctiores
786 2154 819 2209 ot
846 2149 1017 2224 acutiores,
1052 2149 1105 2228 qui
1140 2168 1217 2228 quae
1249 2151 1350 2212 adhuc
1377 2153 1561 2215 illustranda

476 2260 666 2334 supersunt,
695 2271 733 2313 ea
753 2251 930 2313 desiderata
951 2252 1102 2316 historiae
1121 2253 1190 2314 luce
1212 2254 1467 2317 circumfundant.
1510 2255 1561 2318 Ad

482 2357 560 2419 baec
587 2355 706 2418 aooedit
733 2356 816 2418 aiiud
837 2356 923 2435 quid,
956 2355 1040 2435 quod
1060 2358 1233 2436 prudenter
1254 2358 1344 2419 video
1367 2377 1385 2419 o
1406 2359 1560 2422 Sobieier·

400 2536 406 2544 Ι
482 2461 627 2525 macbero
660 2460 803 2522 Prooem.
834 2458 1074 2522 ad'l’armenid.
1110 2479 1140 2539 p.
1168 2460 1220 2525 ul:
1253 2461 1448 2523 observatum
1481 2480 1561 2538 esse,

482 2566 556 2631 lieet
576 2583 617 2627 ne
636 2563 690 2625 hic
717 2563 843 2645 quidem
871 2562 939 2623 viro
960 2561 1141 2625 doctissimo
1168 2563 1208 2626 de
1235 2565 1378 2627 omnibus
1400 2566 1561 2647 piana'os·

483 2669 614 2729 sentiarr
635 2665 669 2729 is·
684 2666 766 2752 euim
781 2665 997 2727 Parmenidem
1018 2666 1143 2728 omnino
1164 2680 1227 2728 nou
1248 2668 1410 2729 intellexit.
1439 2668 1562 2750 Quippe

483 2771 604 2833 etiamsi
624 2769 712 2831 Plato
735 2768 909 2848 quaestioni
927 2769 1149 2832 Parmenideao
1169 2771 1387 2833 interseruerit
1407 2788 1460 2848 ea,
1481 2789 1561 2852 quae

485 2874 538 2954 qui
559 2878 631 2935 sunt
658 2872 690 2934 in
718 2872 888 2935 dialecticis
915 2874 1156 2949 exercitatiores,
1186 2874 1279 2936 facile
1306 2892 1365 2955 pro
1392 2866 1562 2955 argutiise

483 2978 647 3039 verborum
669 2977 871 3059 ambiguitate
889 2978 1032 3040 deductis
1048 2980 1224 3060 agnoscant,
1243 2983 1345 3040 tamen
1366 2967 1562 3059 praecipuam

484 3080 647 3141 universae
668 3080 883 3158 disputationis
905 3087 1025 3161 partem
1048 3081 1080 3141 in
1101 3087 1164 3142 tam
1187 3081 1269 3141 cisra
1299 3082 1369 3143 luce
1390 3083 1562 3157 collocarit,

485 3182 616 3259 utquid
643 3182 804 3260 speciosae
831 3183 1120 3263 argssmenta'tionis,
1153 3183 1225 3262 quid
1248 3185 1349 3246 seriae
1370 3186 1563 3247 demonstra-

484 3282 579 3344 tionis
600 3283 701 3362 gratia
721 3285 855 3363 positum
878 3285 929 3361 sit,
951 3293 1116 3367 perspecto
1140 3272 1248 3349 ultimo
1271 3288 1387 3371 dialogi
1402 3291 1463 3351 line
1476 3290 1563 3351 nollo

485 3384 556 3446 iero
582 3385 710 3465 negotio
738 3386 905 3450 discernes.
969 3390 1048 3451 Sunt
1078 3396 1181 3451 tomen
1202 3391 1264 3454 boc
1295 3395 1419 3455 nornine
1448 3411 1564 3473 paucae

486 3489 698 3551 tantummodo
721 3508 757 3552 ac
777 3492 915 3570 singulae
936 3495 1219 3573 argumentationes
1235 3495 1382 3577 insignes,
1405 3496 1564 3575 inquibus

487 3593 637 3670 scriptor,
666 3611 727 3670 quo
756 3595 960 3657 concludendi
987 3599 1137 3676 quandam
1167 3598 1307 3661 eluceret
1328 3599 1565 3662 concinnitatem

486 3694 536 3755 roi
548 3694 797 3773 aequabilitatem
810 3703 864 3758 aut
883 3698 976 3761 etiam
998 3702 1072 3763 aliea
1085 3703 1127 3763 ob
1144 3721 1277 3778 caussas,
1299 3704 1441 3765 consulto
1462 3704 1566 3765 videa-

487 3805 540 3859 tur
551 3797 691 3859 reritatis
702 3800 854 3861 rationem
870 3819 932 3862 non
947 3804 1023 3865 satia
1038 3811 1179 3866 accurate
1191 3807 1383 3870 subduxisse.
1425 3808 1566 3887 lienique

488 3899 606 3962 addere
621 3902 713 3962 etiam
725 3903 787 3965 hoo
799 3904 916 3980 iicebit,
938 3923 1099 3968 numerum
1122 3925 1228 3970 eorum
1247 3911 1398 3985 locorum,
1421 3910 1473 3989 qui
1491 3912 1566 3973 oiim

488 4003 716 4069 inextricabiles
736 4005 793 4067 sisi
814 4012 895 4080 suut,
917 4027 976 4088 per
996 4015 1133 4070 nostram
1154 4010 1440 4091 interpretationem
1463 4018 1567 4074 tanto·

488 4123 565 4187 pere
591 4124 673 4170 esse¹
691 4107 901 4186 imminutum,
929 4117 964 4172 ot
990 4111 1041 4172 vin
1066 4114 1097 4172 in
1126 4132 1251 4177 censum
1277 4117 1383 4179 venire
1403 4117 1568 4178 rideantur

488 4211 610 4273 ratione
631 4229 739 4273 eorum
761 4215 922 4286 subducta,
951 4216 1003 4294 qui
1025 4234 1105 4277 onoc
1127 4218 1202 4279 cieri
1224 4224 1256 4281 et
1276 4219 1434 4300 perspicui
1456 4220 1568 4281 extite-

488 4319 570 4375 runt.
634 4310 711 4375 Nam
748 4318 776 4378 si
802 4317 940 4378 volneris
973 4319 1146 4382 unisersam
1173 4330 1426 4402 argumentorum
1453 4323 1568 4385 seriem

488 4417 694 4496 perlustrare,
724 4418 907 4496 paucissima
933 4425 1020 4481 certe
1046 4420 1198 4501 invenies,
1228 4427 1260 4486 in
1287 4427 1399 4507 quibus
1420 4426 1569 4489 haereas:

489 4517 681 4579 omniafere
702 4519 745 4580 ita
767 4520 885 4584 videbis
902 4539 971 4583 esse
989 4524 1152 4601 illustrata,
1174 4535 1210 4590 nt
1231 4529 1467 4609 argumentandi
1487 4530 1568 4590 ratio

489 4618 577 4681 aelio
598 4623 725 4702 negotio
747 4623 962 4706 perspiciatur,-
985 4627 1112 4708 etquid
1133 4631 1338 4713 philosophus
1348 4633 1408 4696 sibi
1424 4632 1567 4706 voluerit,
