3775 5442
336 635 338 637 ’
470 661 534 725 eoo
802 663 886 724 urna
907 668 1020 725 tensus.
1063 665 1162 724 sesso
1186 665 1219 721 u.

470 835 557 897 illum
586 835 626 897 sl'c
652 835 787 917 llepubl.
816 836 880 899 Vll.
915 856 945 917 p.
974 835 1047 900 532.
1062 837 1099 896 A.
1117 856 1183 915 sqq.
1212 835 1266 895 nbi
1299 834 1339 896 de
1374 834 1555 896 dinlectices

471 938 621 1018 dignitato
657 959 693 1001 ac
726 941 915 1021 praestantia
949 940 1050 1002 divina
1083 938 1232 1000 orationis
1267 937 1417 999 suavitate
1457 938 1555 1018 expli-

473 1050 570 1107 eatam.

556 1145 620 1208 Sed
641 1145 721 1208 haee
741 1146 817 1208 satis
839 1153 930 1207 sunto
953 1146 994 1207 de
1015 1145 1218 1221 Parmenidis,
1241 1144 1377 1207 Socratis
1400 1161 1436 1202 ac
1451 1143 1554 1203 Zeno-

469 1249 519 1313 nis
541 1250 693 1335 persons,
716 1269 791 1329 quas
813 1249 944 1310 vidimus
967 1251 997 1309 in
1020 1249 1080 1309 hoc
1102 1249 1183 1311 libro
1205 1249 1249 1308 ita
1267 1252 1459 1327 comparatas
1473 1264 1554 1320 esse,

470 1361 507 1415 ut
529 1354 630 1416 omnia
657 1352 696 1413 ad
722 1370 874 1413 scammum
902 1352 1080 1433 scriptionis
1102 1352 1196 1413 ilnem
1218 1351 1378 1432 praeclare
1401 1353 1555 1428 attempe-

471 1462 538 1519 rata
560 1456 632 1519 sint.
675 1455 834 1535 Sequitur,
862 1461 897 1515 ut
918 1455 959 1515 de
980 1456 1101 1536 reliquo
1123 1455 1276 1516 sermonis
1300 1461 1411 1514 ornatu
1433 1452 1555 1513 drama-

469 1557 534 1619 tico
557 1557 721 1620 dicendum
743 1558 794 1620 sit.
818 1558 941 1639 Quippe
963 1558 1064 1619 omnia
1086 1564 1159 1619 snut
1181 1542 1336 1630 tenianda,
1359 1562 1395 1617 ut
1417 1574 1456 1616 ue
1480 1555 1555 1634 qrrld

471 1661 571 1722 malae
592 1662 775 1742 suspicionis
798 1663 837 1723 sle
859 1662 980 1724 exordii
1002 1663 1154 1743 elegantia
1176 1661 1377 1739 relinquatur.
1407 1658 1556 1738 Alioquin

471 1764 591 1826 scilicet
617 1765 783 1825 verendum
810 1766 888 1839 erit,
917 1784 958 1825 ne
986 1765 1108 1827 Platoni
1137 1765 1220 1825 hunc
1248 1763 1359 1823 librum
1387 1760 1554 1823 temerario

471 1867 602 1929 consilio
630 1867 778 1928 tribuisse
804 1867 974 1928 videamur.
1029 1866 1295 1946 eremadmodum
1330 1884 1404 1926 vero
1432 1884 1483 1939 ea,
1514 1865 1556 1925 de
1608 1948 1612 1955 ι

472 1971 585 2052 onibus
621 1970 722 2032 adlrnc
749 1971 964 2049 exposuimus,
1001 1989 1059 2050 pro
1088 1971 1184 2032 totius
1212 1970 1387 2050 scriptionis
1421 1968 1555 2030 consilio
1606 1991 1620 2057 ss

470 2065 597 2154 egmgie
618 2073 750 2134 vidimus
771 2071 912 2136 instituta
934 2090 1015 2147 esse,
1044 2075 1088 2136 ita
1109 2073 1202 2133 etiam
1225 2074 1299 2147 alia,
1323 2091 1403 2151 quae
1425 2074 1464 2134 ad
1486 2091 1555 2135 see·
1611 2155 1614 2159 ⁴

473 2176 575 2237 nicom
598 2181 777 2256 apparatum
801 2177 969 2256 pertinent,
991 2179 1034 2238 ita
1056 2178 1206 2238 adornata
1227 2195 1297 2236 esse
1315 2176 1404 2236 nobis
1425 2192 1555 2256 persus-

471 2280 585 2355 simus,
615 2286 650 2341 ut
677 2279 760 2341 nulla
782 2279 814 2340 in
835 2287 924 2358 parte
948 2281 1098 2343 Platonici
1128 2281 1243 2360 ingenii
1266 2279 1407 2340 sollertia
1428 2279 1554 2341 deside·

470 2390 568 2449 retur.
612 2384 766 2463 Quorsum
792 2384 928 2463 pertinet
949 2384 1044 2455 iliani,
1073 2383 1156 2461 quod
1179 2383 1276 2457 Zeno,
1298 2379 1499 2442 Parmenides
1521 2388 1555 2442 et

471 2485 658 2548 Aristoteles
684 2486 729 2548 ita
756 2466 1190 2566 loquentes'lntraoucuntur‚
1214 2494 1249 2547 ut
1271 2491 1338 2546 tota
1360 2502 1466 2545 eorum
1490 2485 1555 2547 dis·

470 2591 591 2670 putatio
618 2591 751 2671 primum
779 2609 797 2650 a
823 2586 1006 2669 Pythodoro
1035 2605 1092 2668 per
1113 2588 1336 2668 Antiphontem
1363 2594 1488 2669 accepta
1517 2608 1554 2649 an

470 2692 585 2755 deinde
619 2712 637 2754 a
667 2692 805 2774 Cephalo
840 2709 910 2752 cum
943 2692 1012 2753 aliis
1045 2691 1268 2753 communicata
1300 2710 1370 2753 esse
1404 2693 1551 2773 tingatur.

471 2797 561 2876 Quod
585 2798 653 2878 qula
676 2803 724 2858 est
746 2796 819 2877 quin
842 2794 947 2856 videat
968 2795 1095 2876 egregie
1117 2813 1185 2876 cnm
1208 2811 1246 2854 eo
1270 2796 1444 2869 convenire,
1468 2797 1553 2877 quod

470 2901 616 2963 Socrates
639 2906 781 2961 narratur
802 2899 967 2960 admodum
991 2899 1239 2960 adolescentulus
1253 2895 1467 2959 Parmenidem
1492 2899 1555 2960 dis-

471 3010 624 3065 serentem
649 3002 826 3064 audivisset
863 3000 1035 3062 Fatendum
1059 3006 1107 3062 est
1129 3009 1241 3074 tamen,
1264 3001 1380 3062 leviora
1402 3004 1554 3083 quaedam

471 3106 532 3169 hoc
560 3106 591 3165 in
630 3122 746 3184 genere
781 3123 963 3183 superesse,
1001 3105 1042 3166 de
1075 3103 1188 3184 qulbus
1221 3104 1360 3166 nonnihil
1396 3108 1553 3186 ambigas3

471 3225 617 3289 quonum
646 3206 783 3285 pertinet
811 3205 905 3280 illud,
942 3205 1026 3286 qsrod
1053 3207 1248 3286 potissimum
1276 3207 1430 3288 Cephalus
1459 3218 1553 3288 atque

471 3310 664 3384 Adimantus,
686 3308 803 3371 Glauco
827 3315 860 3369 et
879 3308 1037 3388 Antiphon
1059 3319 1347 3374 commemorantur.
1391 3312 1453 3373 Sed
1476 3312 1555 3373 baec

470 3411 728 3493 quemadmodum
754 3431 815 3474 non
838 3412 940 3492 magni
962 3414 1109 3473 momenti
1131 3418 1212 3488 ssrnt,
1235 3415 1279 3475 lta
1300 3415 1477 3494 neutiquam
1496 3414 1553 3476 du,

471 3516 620 3590 bitamus,
648 3517 721 3595 quin
742 3516 867 3578 iacilem
888 3517 1033 3579 habitune
1054 3522 1159 3578 essent
1180 3518 1432 3598 explicationem,
1462 3518 1490 3579 sl
1512 3518 1554 3579 de

469 3618 596 3680 illorum
622 3616 781 3679 hominum
810 3621 950 3682 moribus
978 3627 1010 3681 ct
1031 3622 1312 3684 necessitudinibus
1341 3623 1456 3683 certius
1478 3641 1552 3683 con-

469 3729 578 3786 staret.
622 3721 714 3803 Quod
741 3740 821 3784 nune
849 3723 942 3783 aliter
968 3743 1039 3785 sese
1064 3725 1168 3787 babet.
1220 3723 1296 3784 Nam
1318 3724 1474 3803 Cephalus
1497 3725 1553 3784 ille
1604 3800 1606 3804 μ

469 3814 606 3889 dubitari
632 3829 737 3906 potest
764 3844 835 3885 num
862 3827 946 3887 idem
975 3829 1032 3903 sit,
1065 3830 1118 3908 qni
1145 3830 1178 3889 in
1207 3828 1296 3890 libris
1319 3828 1359 3889 de
1381 3827 1573 3906 liepubllce

469 3930 649 4011 colloquens
670 3928 893 4007 introducitur,
922 3935 1013 4009 pater
1034 3932 1143 4013 Lysiae
1166 3932 1310 3993 oratoris.
1361 3932 1554 4010 Quamquam

469 4050 539 4095 mss
574 4033 728 4097 sententis
753 4024 830 4096 'hoc'
859 4033 983 4113 qrridem
1013 4037 1052 4097 ad
1088 4035 1239 4115 liquidnm
1273 4034 1402 4114 perduci
1436 4041 1553 4114 potest.

468 4134 592 4199 uuum
613 4154 676 4198 non
697 4137 939 4218 lyraoussnnm,
969 4139 1024 4203 sed
1048 4140 1277 4201 Clazomenium
1306 4137 1458 4219 qrrendam
1481 4156 1555 4198 esse

469 4238 714 4320 intelligendum,
736 4240 820 4302 houd
842 4243 973 4303 obscure
995 4245 1186 4324 significatur
1198 4245 1267 4324 ipso
1282 4242 1436 4307 sermonis
1452 4241 1554 4302 initios

469 4333 576 4419 insedi}
607 4346 650 4389 -“-
678 4340 819 4407 οἴκοθεν
856 4349 890 4405 ἐκ
917 4343 1140 4428 Κλαζομενῶν
1169 4341 1372 4431 ἀφικόμεθα
1402 4367 1432 4407 κ.
1461 4366 1489 4407 τ.
1521 4343 1551 4408 λ.

469 4445 596 4506 Accedit
618 4447 701 4526 qnod
724 4447 880 4526 Cephalus
901 4449 1007 4526 paullo
1028 4458 1102 4530 post
1124 4451 1163 4510 de
1185 4449 1390 4511 familiaribus
1407 4454 1440 4509 et
1456 4447 1551 4509 comi-

468 4545 551 4608 tibus
572 4549 654 4611 snlsr
676 4549 752 4625 οἵδε,
775 4550 884 4630 inquit,
907 4549 1046 4614 πολῖταί
1066 4555 1125 4633 μοι’
1147 4555 1207 4614 εἰσι
1227 4546 1321 4633 μάλα
1344 4545 1550 4636 φιλόσοφοις

469 4658 502 4709 et
530 4652 613 4728 qnod
643 4659 747 4714 narrat
775 4652 998 4734 Antiphontem
1027 4654 1128 4718 adhuc
1154 4654 1253 4718 rusae
1282 4655 1463 4736 puerulum,
1496 4645 1551 4715 dra
