3775 5442
478 659 544 729 m
907 651 1144 714 rotronis

481 826 580 897 Πάνυ
602 828 641 914 γ’,
663 829 734 909 ἔφη.
785 825 826 888 Τί
848 824 901 897 ὂέ,·
941 825 1002 885 τοῦ
1031 819 1105 885 ἴσον
1136 824 1236 905 μέρος
1258 824 1400 884 ἕκαστον
1422 812 1565 902 σμικρὸν

480 926 657 1013 ἀπολαβόν
685 951 718 991 τι
748 923 811 1004 ἕξει
840 914 866 1008 ᾧ
895 917 1052 986 ἐλάττονι
1081 914 1155 985 ὄντι
1188 918 1291 984 αὐτοῦ
1324 923 1384 982 τοῦ
1420 917 1493 982 ἴσον
1524 913 1565 981 τὸ

483 1035 559 1117 ἕχον
581 1029 654 1095 ἴσον
675 1050 724 1110 τρι
746 1028 858 1100 ieron·
879 1018 1084 1110 Ἀδύνατον,
1098 1017 1200 1086 Ἀλλὰ
1224 1024 1283 1085 τοῦ
1305 1023 1444 1105 σμικροῦ
1466 1024 1566 1102 μέρος

482 1155 535 1208 τις
555 1129 647 1214 ἡμῶν
669 1127 746 1207 ἔξει·
788 1121 911 1191 τούτου
932 1125 967 1188 δὲ
996 1117 1081 1188 αὐτὸ
1103 1116 1142 1187 τὸ
1166 1114 1308 1208 σμικρὸν
1329 1118 1440 1203 μεῖζον
1462 1123 1567 1194 ἔσται,

568 1405 606 1463 D.
648 1404 711 1462 τοῦ
738 1407 818 1460 ἴσον
845 1394 1032 1477 μέρος-]
1065 1398 1242 1468 „Verborum
1264 1396 1312 1453 hic
1335 1406 1378 1452 est
1401 1395 1487 1453 orda:
1536 1401 1588 1454 Τι’·

482 1509 547 1573 di;⁴
563 1506 674 1565 ἕκαστον
703 1501 845 1578 ἀπολαβόν
872 1500 984 1579 σμικρόν
1011 1524 1037 1558 τι
1057 1503 1137 1588 μέρος
1157 1500 1207 1558 τοῦ
1228 1504 1289 1557 ἴσον
1310 1498 1361 1564 ἔξει
1389 1508 1443 1553 etc.
1488 1497 1569 1567 Quid

481 1606 573 1668 asro?
595 1605 712 1686 quondo
735 1603 861 1681 quidque
877 1621 1011 1683 parcam
1034 1600 1165 1679 aliquam
1187 1602 1252 1659 τοῦ
1281 1606 1363 1659 ἴσον
1382 1598 1567 1678 particulam

470 1695 653 1788 memorii,
680 1705 878 1769 continebitese
900 1703 955 1761 Ιιοο
975 1705 1007 1760 in
1030 1721 1060 1761 ss
1083 1702 1216 1780 aliquid,
1239 1722 1311 1781 quo,
1338 1720 1514 1780 quamquam
1536 1701 1570 1758 id

482 1813 580 1870 ninas
601 1811 643 1867 sit
665 1826 753 1887 ριιοιιι
775 1808 871 1884 ipsam
899 1804 938 1863 ed
967 1809 1060 1874 icor,
1088 1813 1187 1861 tamen
1216 1806 1353 1881 cuiquam
1375 1804 1423 1860 rei
1443 1801 1568 1880 aequale

444 1961 446 1965 .
483 1911 564 1988 affici
579 1909 701 1991 possiti
743 1905 838 1963 Verba
858 1906 890 1963 τό
913 1907 983 1975 ἔχοι,
1005 1921 1078 1979 quoe
1101 1906 1183 1960 saiso
1206 1922 1293 1960 sensu
1315 1903 1415 1959 obesse
1436 1913 1570 1979 possunt,

483 2016 528 2071 ita
549 2014 631 2069 iliata
653 2018 731 2078 sunt,
754 2005 1067 2082 quasi-praecederent
1089 2003 1174 2060 hoec:
1222 2007 1256 2062 Ti
1275 2007 1321 2070 di,·
1343 2009 1416 2083 εἴπερ
1437 2007 1487 2064 τοῦ
1508 2011 1569 2065 ἴσον

481 2117 562 2189 μέρος
583 2086 696 2169 irascor
717 2107 829 2184 σμικρόν
849 2131 875 2165 τι
895 2104 1039 2181 ἀπολάβοι,
1062 2095 1116 2183 ipa
1139 2108 1189 2171 dies
1211 2096 1231 2181 ᾧ
1253 2113 1288 2164 ii.
1306 2141 1346 2150 —
1362 2106 1392 2165 τό
1416 2108 1477 2178 ἕχον
1491 2112 1568 2164 atc.“
1608 2171 1611 2174 p

484 2210 782 2284 Heindorfs'as.

567 2345 661 2405 Ἀλλὰ
682 2346 744 2403 τοῦ
766 2345 920 2421 σμικροῦ
940 2349 1043 2422 μέρος
1061 2379 1103 2389 -
1124 2341 1194 2403 Οὐκ
1216 2343 1255 2402 ἂν
1276 2350 1432 2421 γένοιτο,
1451 2345 1569 2419 φάναι,

484 2447 594 2509 τοῦτό
621 2444 688 2524 pe]
719 2445 800 2503 Haec
828 2444 918 2505 verba
941 2443 1067 2504 Procles
1094 2445 1131 2505 T.
1152 2445 1187 2503 V.
1215 2466 1242 2522 p.
1271 2447 1337 2504 115.
1360 2465 1377 2503 a
1399 2447 1570 2522 quibusdam

426 2565 430 2574 '
484 2559 587 2609 narrat
616 2557 736 2624 propter
764 2549 1016 2622 interpretationis
1044 2546 1252 2615 difficultatem,
1268 2566 1321 2622 pro
1343 2549 1450 2620 spuriis
1471 2546 1572 2606 habita

485 2669 559 2709 esse.
601 2649 685 2716 Quod
706 2651 732 2707 si
753 2668 856 2707 rernm
877 2659 931 2720 est,
953 2682 996 2692 —
1017 2652 1124 2708 vellem
1146 2652 1223 2707 enim
1245 2650 1435 2720 nominasset,
1457 2651 1507 2725 qui
1529 2652 1572 2708 ita

485 2752 684 2811 iudicaverint
704 2786 746 2796 —
767 2769 888 2809 acumen
910 2751 1109 2823 Parmenidis,
1135 2770 1196 2809 non
1216 2751 1296 2808 fraus
1317 2751 1502 2808 librariorum
1523 2754 1571 2810 rei

485 2851 722 2930 philosophorum
736 2851 822 2911 huius
843 2854 991 2930 opinionis
1010 2872 1113 2911 csnssa
1126 2853 1237 2916 extitit.
1282 2849 1356 2908 Nom
1378 2871 1433 2930 ego
1455 2854 1480 2910 si
1501 2854 1572 2929 qnid

486 2956 584 3028 video,
606 2955 680 3014 nihii
694 2955 825 3030 proiecto
844 2964 905 3024 est,
927 2971 980 3011 cnr
999 2955 1233 3029 interpolationis
1253 2955 1448 3027 suspicionem
1470 2955 1573 3013 fovea-

487 3075 562 3117 mus.
605 3055 735 3112 Primum
763 3056 841 3113 enim
869 3056 935 3130 quis
966 3064 1027 3126 est,
1061 3058 1110 3130 qui
1141 3052 1340 3110 Parmenidens
1377 3058 1526 3115 existimet
1552 3076 1571 3117 a

486 3157 611 3214 Platone
639 3153 837 3211 introductum
864 3171 925 3211 esse
954 3155 996 3210 ita
1024 3155 1224 3233 disserentem,
1256 3166 1289 3211 ut
1310 3160 1521 3236 magnitudinis
1543 3171 1573 3218 at

488 3255 674 3332 aequalitatis
695 3253 826 3313 rationes
849 3257 1023 3327 excusserit,
1045 3259 1200 3331 parvitatis
1224 3257 1410 3316 difficultates
1432 3280 1469 3318 ne
1482 3262 1573 3320 verbo

489 3357 605 3432 quidem
628 3349 781 3432 tetigeriti
823 3353 938 3412 Deinde
967 3374 1039 3431 quae
1063 3355 1111 3412 hie
1132 3360 1286 3437 leguntur,
1310 3370 1424 3418 eatam
1446 3364 1572 3422 suntad

490 3456 694 3534 explicandum
717 3455 826 3528 facilia,
848 3465 883 3514 at
904 3458 954 3534 qui
977 3460 1007 3515 in
1028 3461 1066 3517 iis
1086 3459 1254 3534 haeserunt,
1275 3464 1380 3518 mentis
1403 3465 1465 3520 acie
1487 3482 1572 3540 prse-

489 3561 586 3616 stricti
608 3559 698 3615 foisse
719 3559 883 3616 videantur
927 3559 1085 3639 Significat
1106 3565 1183 3620 enim
1205 3562 1404 3635 Parmenides,
1426 3562 1490 3622 fieri
1512 3583 1573 3625 nan

487 3676 588 3734 posse,
611 3658 734 3736 utquid
756 3661 911 3734 parvitatis
933 3665 1078 3740 particeps
1100 3663 1163 3736 fiat,
1194 3666 1242 3721 vel
1265 3667 1332 3741 quia
1354 3666 1395 3721 ita
1416 3685 1484 3740 pars
1506 3685 1573 3741 par·

488 3763 581 3819 ritate
598 3757 698 3820 'minor
719 3760 820 3819 fotura
841 3764 891 3836 sit,
912 3763 983 3821 hoec
1005 3776 1101 3821 sotem
1122 3773 1205 3840 parte
1227 3767 1329 3839 maior,
1352 3767 1383 3823 id
1406 3767 1483 3842 quod
1498 3745 1574 3845 *par-

487 3864 590 3920 vitatis
612 3844 762 3920 absolutae
783 3875 906 3922 naturae
926 3866 1012 3939 piane
1034 3864 1220 3937 adversetur,
1248 3869 1297 3940 vel
1318 3868 1453 3942 quoniam
1476 3868 1573 3929 demta

488 3964 581 4039 ipsias
603 3963 757 4037 parvitatis
778 3965 923 4041 partionis
944 3964 1028 4035 iilud,
1050 3969 1097 4023 sui
1119 3966 1310 4050 coaccedit,
1332 3985 1391 4024 non
1413 3970 1572 4042 minatore,

487 4051 540 4122 scd
562 4073 684 4121 auctura
704 4066 847 4154 videatur.
882 4063 939 4123 Sed
963 4066 1009 4123 his
1030 4052 1183 4144 explicatis
1205 4069 1355 4126 rideamus
1378 4068 1414 4124 de
1436 4072 1573 4149 singuiis,

488 4166 516 4223 si
537 4165 612 4222 torte
633 4167 702 4242 quid
724 4167 815 4225 iniis
835 4169 964 4242 potuerit
983 4187 1045 4226 esse
1061 4169 1225 4228 offensioni.
1247 4169 1288 4225 Ac
1310 4169 1433 4241 primum
1455 4173 1573 4245 quidem

487 4265 579 4328 haec:
616 4263 683 4327 itti
710 4268 760 4328 τοῦ
788 4271 902 4348 σμικροῦ
927 4273 1007 4350 μέρος
1026 4295 1066 4340 τις
1085 4269 1161 4348 ἡμῶν
1182 4273 1248 4338 ἔξει·
1281 4271 1362 4328 τοῦτο
1390 4273 1419 4330 de'
1451 4269 1518 4366 osred
1539 4275 1573 4334 sd

489 4354 646 4454 emptu.
668 4395 691 4434 r.
712 4377 746 4442 λ,
776 4371 864 4447 patet
881 4369 1055 4440 ὖποθετιιιιῖς
1082 4374 1251 4449 accipienda
1273 4394 1351 4444 essa,
1381 4374 1438 4434 hoo
1467 4394 1571 4436 senso:

489 4465 644 4532 Possumus
664 4471 922 4552 cero'qaesspisss
945 4473 1078 4533 nostram
1094 4485 1216 4554 portans
1239 4480 1334 4556 ipsias
1359 4499 1417 4559 per
1439 4498 1470 4538 ss
1494 4497 1572 4559 por·

489 4571 597 4631 sitatis
618 4575 650 4659 ιἰι
672 4591 704 4631 se
726 4576 887 4639 continere.
915 4575 974 4643 an<
993 4595 1064 4638 usas
1084 4575 1177 4636 tutori
1198 4577 1271 4638 nihil
1285 4580 1374 4639 habet
1391 4581 1573 4641 insolentiae.

336 4678 541 4810 ’ἱ
