3775 5442
790 672 876 730 Liber
899 682 1029 748 quartur.
1390 675 1451 736 341

366 861 427 902 non
450 844 525 904 satis
548 842 739 903 Intellectum
763 850 827 902 est:
856 862 937 904 nuuc
960 863 997 904 eo
1020 844 1122 904 minus
1145 846 1305 921 ursisquam
1328 851 1452 907 contro-

367 964 485 1005 versam
510 944 641 1024 putabit,
665 963 726 1022 quo
749 947 915 1007 dilucidius
937 946 1119 1026 philosophi
1140 945 1296 1008 sententia
1318 945 1414 1008 inerit
1434 968 1452 1007 a

367 1047 458 1110 nobis
481 1049 631 1127 explicata
653 1056 746 1126 atque
768 1049 933 1109 illustrata.

720 1329 1100 1342 —1———-—-——

553 1567 1264 1678 Conclusio

454 1875 586 1937 Ventum
608 1895 689 1937 nunc
717 1878 840 1939 landem
863 1899 901 1940 eo
923 1888 988 1954 eat,
1018 1888 1051 1941 ut
1079 1882 1201 1942 diluent
1226 1901 1263 1942 ac
1292 1886 1455 1942 tortuosae

360 1980 537 2057 ‹paraestioni
559 1975 722 2056 aliquando
746 1982 838 2041 tinem
861 1982 1023 2061 imponere
1044 1983 1146 2045 hceat.
1189 1985 1223 2045 ln
1248 2003 1308 2063 qna
1330 1983 1451 2062 siquae

360 2083 409 2142 rel
431 2082 531 2142 miuus
553 2081 710 2142 subtiliter
731 2082 782 2143 vei
803 2084 886 2144 iusto
909 2085 1065 2164 copiosius
1089 2087 1316 2165 exposuerint,
1340 2104 1450 2147 eorum

360 2204 454 2264 spero
482 2204 521 2245 eo
549 2183 671 2245 iacilius
698 2204 748 2245 mc
775 2187 814 2245 ab
841 2187 1019 2264 legentibus
1050 2189 1168 2248 versiam
1198 2205 1269 2249 esse
1301 2187 1450 2266 impetra-

360 2295 482 2358 turum,
518 2304 580 2364 quo
602 2288 771 2351 maioribus
798 2288 1036 2350 difficultatibus
1064 2291 1226 2351 obstructa
1253 2291 1314 2350 luit
1343 2290 1448 2352 Plato·

361 2390 422 2450 nici
445 2389 549 2467 operis
570 2389 803 2469 interpretatio:
825 2392 1106 2470 prrodquamquam
1123 2393 1260 2454 amuitis
1284 2398 1449 2453 tractatum

360 2498 419 2564 est,
442 2499 544 2550 tamen
567 2507 607 2549 ne
628 2510 722 2552 rrnnm
745 2493 871 2570 quidem
893 2495 1008 2554 invenit
1030 2501 1258 2568 enarratorem,
1288 2496 1340 2573 qrsi
1361 2499 1450 2554 tene·

360 2596 434 2654 bras
474 2593 505 2652 el
544 2592 665 2655 otiosas
705 2594 807 2656 iustae
851 2596 1117 2674 interpretationis
1152 2597 1222 2656 lucc
1255 2597 1448 2675 dispelleret.

360 2696 453 2774 Quod
479 2696 507 2756 si
534 2704 641 2756 nostro
667 2698 777 2757 labore
799 2697 973 2776 perlectum
1007 2705 1061 2757 ant
1082 2703 1168 2756 certo
1191 2715 1252 2758 noo
1275 2697 1342 2756 sine
1364 2697 1451 2758 leiici

358 2817 506 2861 successu
534 2805 715 2878 susceptum
736 2805 769 2858 et
790 2799 969 2859 inchoatum
993 2807 1057 2870 est,
1087 2799 1269 2858 habebimus
1298 2816 1372 2857 sane
1394 2817 1450 2859 cur

359 2922 476 2982 operae
497 2903 528 2962 in
552 2902 618 2961 cius
641 2901 851 2962 illustratione
873 2901 1045 2959 collocatae
1067 2920 1123 2961 nos
1146 2917 1207 2958 non
1230 2901 1399 2976 poeniteat.

447 3007 521 3065 Nam
545 3006 676 3082 primum
700 3006 824 3083 quidem
847 3006 890 3063 ita
913 3005 1087 3064 videbimur
1109 3001 1289 3082 perfecisse,
1313 3001 1450 3063 ntmnitl

361 3109 420 3169 ioci
444 3108 661 3186 philosophiae
683 3109 862 3169 Platonicae
890 3114 923 3168 et
952 3107 1085 3184 intelligi
1107 3106 1224 3166 rectius
1247 3110 1280 3165 et
1301 3102 1450 3165 subtilius

359 3211 508 3288 explicari
531 3211 666 3289 possint,
696 3230 785 3289 qrram
812 3211 861 3270 vei
889 3210 927 3270 ab
951 3210 1173 3272 recentissimis
1196 3210 1264 3271 eins
1287 3210 1448 3267 enarrato-

359 3313 445 3374 ribus
468 3315 537 3373 lieri
560 3313 762 3375 meminimus.
787 3314 876 3391 erod
898 3314 1005 3392 qrranti
1027 3315 1177 3376 momenti
1199 3314 1241 3374 sit
1263 3310 1302 3369 ad
1324 3325 1449 3370 omnem

358 3415 529 3493 sapientiae
552 3415 761 3494 disciplinam,
792 3417 947 3475 neminem
971 3416 1159 3475 arbitremur
1181 3433 1243 3475 non
1265 3429 1335 3471 esse
1357 3411 1448 3471 intel-

359 3520 529 3587 ieelnrnm,
564 3518 617 3596 qui
649 3519 727 3578 scial
762 3523 870 3577 nostra
898 3516 1007 3593 ntique
1040 3517 1169 3576 mnltnm
1205 3515 1376 3586 interesse,
1413 3519 1449 3574 nl

358 3622 435 3700 qnid
457 3620 600 3681 homines
629 3621 705 3680 tanti
733 3619 849 3697 ingenii
878 3619 918 3677 de
951 3618 1046 3677 rebus
1068 3618 1258 3696 gravissimis
1281 3615 1447 3689 senserint,

358 3730 501 3785 accurate
524 3724 681 3802 cognitum
705 3722 883 3781 babeamus.
928 3719 1050 3780 Deinde
1071 3720 1164 3779 etlam
1187 3722 1219 3782 in
1243 3718 1318 3778 alias
1345 3722 1446 3790 partes

357 3828 473 3888 veteris
501 3825 733 3907 philosophiae,
769 3823 797 3884 si
825 3841 888 3884 non
917 3820 1000 3882 ialllt
1020 3824 1133 3883 mentis
1161 3821 1340 3901 augurium,
1370 3835 1447 3877 non·

357 3928 435 3990 nibil
463 3928 651 3988 redundabit
684 3927 837 3987 utilitatis.
902 3924 979 3984 Nam
1002 3931 1037 3986 ut
1059 3925 1100 3986 de
1123 3925 1391 4004 Pythagoreorum
1414 3926 1447 3981 et
1540 3944 1547 3951 ·

359 4030 588 4109 Megaricorum
619 4030 759 4090 doctrina
787 4035 921 4100 taceam,
954 4046 1034 4088 nunc
1062 4034 1094 4090 et
1124 4027 1165 4085 dc
1192 4027 1298 4087 multis
1326 4024 1447 4086 Aristo·

357 4134 430 4195 telis
452 4133 530 4194 iocis
552 4139 709 4193 statuetur
725 4131 921 4209 prudentius,
943 4137 978 4190 el
992 4128 1223 4189 Platonicorum
1236 4126 1447 4187 recentiorum

358 4236 502 4310 decreta,
533 4256 672 4314 maguam
696 4240 816 4313 partem
839 4254 877 4295 ex
898 4232 1084 4294 Parmenide
1107 4231 1209 4305 dareta,
1234 4236 1386 4309 qrraleuus
1406 4226 1447 4287 ab

358 4339 457 4417 ipsius
471 4340 609 4400 Platonis
627 4339 780 4399 sententia
803 4337 962 4412 recedant,
985 4334 1149 4397 dilucidius
1174 4334 1292 4412 poterit
1315 4328 1447 4409 intelllgi

358 4447 391 4500 et
414 4440 581 4519 explanari,
605 4445 640 4500 nt
661 4458 742 4500 nnnc
764 4440 888 4500 demum
919 4441 1022 4501 aditus
1045 4438 1220 4517 patefactus
1242 4433 1447 4495 videaturad

357 4542 556 4603 subtiliorem
581 4559 689 4601 eorum
711 4541 948 4603 enarrationem.
1005 4541 1146 4620 Denique
1169 4559 1226 4600 acc
1248 4537 1366 4599 inutilis
1388 4535 1450 4598 erit

357 4652 411 4706 aut
433 4645 601 4706 iniucunda
624 4644 784 4707 doetrinae
807 4645 944 4707 Platonis
967 4663 1114 4718 atarneo,
1143 4642 1228 4722 quod
1250 4661 1331 4704 nanc
1353 4642 1448 4722 viget,
