3775 5442
705 648 789 708 hiller
810 649 922 709 reulus.
966 646 1066 715 Scotto
1089 648 1123 709 ll.
1165 655 1167 660 ’
1221 694 1239 736 3
1389 648 1454 713 20⁰

369 818 447 882 t'eoit
466 814 638 901 prudenter
658 840 733 882 sane
753 829 948 897 mouentem,
980 841 1041 883 nou
1064 822 1096 884 ld
1120 822 1274 903 agendum
1297 839 1366 883 erre
1388 818 1453 883 dlo-

368 924 496 998 lectico,
529 929 565 985 ut
593 944 612 984 s
638 925 735 987 reboo
759 926 902 990 sensibus
924 926 1131 1007 percipiendis
1153 925 1381 1004 proprietatum
1402 941 1453 984 ra-

369 1026 513 1087 rietatcm
540 1036 713 1102 removeat,
743 1029 856 1110 quippe
878 1031 961 1111 quod
987 1030 1031 1104 el,
1063 1032 1114 1110 qual
1137 1030 1277 1091 idearum
1300 1027 1452 1109 quandam

367 1135 522 1193 sterneret
548 1131 819 1220 participationem·
846 1138 879 1194 et
899 1135 995 1198 relutl
1016 1135 1275 1209 communionem,
1296 1129 1358 1193 non
1379 1144 1453 1210 pos-

366 1232 494 1295 sitnon
515 1233 613 1294 rideri
634 1236 798 1298 ridiculum
821 1256 868 1324 ac·
879 1237 1016 1316 puerile,
1039 1238 1096 1299 red
1118 1237 1196 1299 lllud
1219 1235 1365 1300 sohtlllns
1388 1233 1455 1305 dle·⁴

370 1335 556 1414 qrsireudum
578 1338 694 1413 rideri,
723 1359 796 1401 num
826 1340 858 1402 io
879 1326 963 1419 ipsae
984 1341 1072 1402 ideae
1099 1341 1262 1403 conveniat
1288 1339 1339 1414 ld,
1369 1335 1451 1419 quod

367 1438 411 1500 de
430 1440 524 1502 rebus
546 1439 809 1521 adapoonbilious
837 1450 978 1523 negatur.
1028 1445 1146 1523 Quibus
1175 1444 1287 1505 auditis
1313 1459 1452 1507 summor

364 1539 503 1603 familiae
529 1543 689 1607 Eleattcae
715 1545 878 1625 magister,
913 1554 1113 1627 posteaquam
1142 1547 1371 1627 Megaricorum
1400 1562 1452 1609 ex·
1496 1587 1498 1596 ,

366 1646 474 1724 empto
503 1653 612 1708 contra
641 1648 780 1710 ldeorum
809 1668 879 1711 cnm
900 1651 996 1711 rehue
1025 1650 1273 1712 coniunctionem
1287 1648 1375 1713 ,dixit
1394 1665 1454 1715 nec

364 1756 474 1810 tamen
500 1750 585 1829 ipsas
614 1751 741 1814 eustullt
766 1751 874 1828 ideas,
906 1771 970 1813 uon
991 1758 1110 1815 tantum
1132 1752 1293 1834 perspicer
1315 1751 1453 1815 Socratlo

362 1852 525 1931 ingenium
556 1872 743 1935 magnopore
770 1855 958 1932 admiratur,
995 1856 1053 1920 sed
1079 1857 1172 1921 etiam
1208 1854 1356 1937 prudenti
1388 1853 1454 1921 ollio

364 1957 501 2020 consilio
524 1958 691 2021 obsecutus
714 1959 755 2021 de
774 1959 813 2021 lis
835 1961 930 2022 rebus
954 1960 1114 2040 disputare
1134 1959 1280 2032 instituit,
1303 1975 1383 2038 quse
1404 1955 1454 2023 rol

363 2060 499 2122 maxime
526 2081 587 2124 uua
613 2046 725 2125 meotis
752 2062 941 2142 cogitatione
963 2063 1177 2138 continentur,
1201 2062 1350 2139 adeoque
1370 2058 1453 2125 clm·

364 2163 439 2227 alem
460 2165 537 2227 artis
558 2182 637 2244 ope,
671 2184 730 2244 qrro
757 2165 805 2226 illl
829 2155 926 2232 >rebus
954 2168 1012 2230 auio
1042 2185 1156 2229 aeneus
1175 2164 1357 2228 cadentibus
1379 2180 1453 2244 pro·

363 2268 531 2350 prletrtum
554 2269 735 2331 varletotem
755 2269 939 2348 eripiebant,
962 2289 1023 2331 non
1046 2269 1147 2331 solum
1169 2270 1259 2345 ideis,
1282 2269 1339 2331 red
1359 2267 1450 2333 etlam

363 2373 462 2434 rebus
491 2373 639 2434 unitatem
675 2372 794 2453 pariter
827 2379 922 2450 etque
953 2373 1182 2439 multitudinem
1213 2379 1246 2435 et
1271 2372 1451 2437 varietatem

365 2475 511 2538 vindicat
565 2478 633 2556 Qua
666 2477 790 2556 quidem
817 2475 940 2539 rstione
974 2477 1172 2540 menifestum
1207 2483 1258 2538 est
1291 2480 1450 2555 cognotam

364 2577 451 2642 than
472 2579 675 2658 sterilemque
687 2579 894 2641 Eleatlcorom
917 2579 1109 2642 dialecticam
1132 2599 1151 2639 a
1172 2598 1293 2642 nummo
1314 2565 1456 2641 fsmfflu'

365 2680 516 2760 moglrtro
538 2682 582 2743 its
605 2682 762 2744 emendari
785 2687 878 2760 atque
900 2681 1091 2761 ompiilicarl,
1115 2688 1150 2742 ut
1170 2701 1189 2743 a
1211 2701 1316 2745 rerum
1338 2699 1450 2760 corpo·
1479 2747 1482 2756 ,
1510 2665 1511 2668 ¹
1533 2698 1535 2701 ·

364 2801 491 2845 recreor
513 2785 742 2866 exploratione,
769 2784 801 2847 in
830 2804 890 2865 qus
916 2784 1006 2846 unice
1027 2783 1097 2844 iere
1118 2782 1284 2857 haerebat,
1311 2782 1350 2844 sd
1379 2799 1451 2844 oon·

366 2885 549 2950 oldemndas
571 2889 692 2968 species
713 2895 819 2949 mente
839 2894 872 2948 et
893 2887 995 2948 culmo
1009 2885 1249 2965 comprehensas
1261 2882 1452 2958 traducatur,

370 3006 470 3067 eoque
494 2992 590 3053 modo
619 3011 687 3052 cum
716 2990 873 3052 Socratico
902 2989 1074 3052 disserendi
1097 2988 1220 3050 ratione
1242 2986 1330 3065 quari
1350 2985 1452 3049 conol-

365 3090 465 3154 lictor
485 3100 518 3155 et
538 3095 570 3156 iu
593 3113 688 3160 uuum
721 3093 935 3173 coniungatur.
999 3093 1167 3156 Enimvero
1189 3090 1279 3153 Picto
1308 3087 1450 3168 quonian

363 3194 547 3276 philosophi
575 3217 645 3260 esre
666 3199 787 3260 eeueuit
805 3199 908 3260 animo
929 3196 1049 3259 versari
1069 3196 1103 3257 iu
1132 3195 1378 3275 contemplandis
1400 3212 1451 3256 re·

364 3299 425 3362 nos
454 3299 564 3362 divinis
591 3321 628 3363 ao
654 3300 867 3381 sempiternis,
902 3320 982 3380 quae
1009 3301 1048 3363 ab
1070 3300 1154 3361 omui
1176 3318 1322 3361 rensuum
1345 3303 1451 3361 conta-

364 3402 462 3483 gione
482 3404 601 3466 liberae
622 3414 727 3469 essent
749 3413 843 3486 atque
863 3404 1015 3466 immune·
1031 3402 1081 3482 *),
1103 3422 1143 3463 ue
1166 3402 1358 3463 dialecticam
1381 3401 1448 3482 qui·

366 3504 440 3566 dem
468 3513 567 3568 artem
593 3509 762 3570 arbitratus
793 3514 843 3569 eet
869 3524 999 3571 munere
1019 3524 1077 3566 suo
1099 3505 1161 3566 rite
1182 3504 1288 3584 iringi,
1323 3504 1383 3566 nlsl
1410 3505 1449 3567 ad

365 3609 556 3688 exquirendo
580 3630 627 3683 es,
659 3630 740 3691 quae
761 3610 845 3672 omni
866 3609 1038 3670 mutatione
1060 3614 1092 3669 et
1113 3607 1325 3670 vicissitudine
1346 3625 1450 3669 rernm

364 3714 565 3774 terrestrium
589 3713 688 3774 libera
709 3718 814 3774 essent
836 3717 869 3772 ot
890 3732 950 3774 una
971 3717 1076 3776 mente
1100 3710 1451 3792 comprehenderentur,

366 3815 408 3876 eh
429 3816 479 3890 iis,
502 3817 555 3896 qui
577 3816 700 3877 veritati
722 3817 896 3892 studerent,
919 3815 1112 3877 eveheretur.
1157 3814 1310 3894 Quocirca
1329 3809 1451 3875 Pouet.

364 3937 399 3998 p.
420 3918 543 3998 oasqq.
572 3939 640 3982 eam
667 3921 838 3983 arbitratur
860 3939 983 3981 omnem
1011 3920 1140 3982 oliorum
1165 3936 1270 3991 rernm
1291 3912 1450 3981 meudun

364 4019 547 4101 longissime
569 4024 738 4102 superare
761 4023 877 4102 quippe
898 4042 978 4102 quoae
998 4028 1140 4085 versetur
1167 4019 1240 4103 περὶ
1270 4008 1310 4084 τὸ
1323 4009 1372 4091 ,ὃν
1394 4018 1450 4084 eoi

364 4118 407 4186 τὸ
436 4115 542 4200 ὅντως
569 4127 624 4188 καὶ
654 4118 742 4188 κατὰ
772 4119 896 4191 ταύτὸν
923 4122 974 4191 dei
1004 4119 1167 4214 πεφυκός,
1200 4112 1452 4199 rottrodum

364 4242 455 4303 eree,
486 4231 696 4312 συγχωρῆσαι
729 4223 806 4293 τινὰ
827 4220 946 4308 ‘cll-inv
980 4220 1164 4308 ἐπιστήμην
1191 4227 1251 4304 τῆς
1280 4217 1451 4302 ἀληθείας

364 4326 576 4414 ἀπέχεσθαι
597 4331 727 4411 μᾶλλον
747 4325 778 4412 ἢ
791 4327 941 4411 radten:
963 4331 1144 4413 quibuscum
1167 4346 1327 4409 compares
1348 4326 1450 4389 locum

362 4651 424 4705 m
447 4583 556 4705 Λῆιν.
588 4583 620 4634 de
645 4583 759 4653 Repulsi.
786 4579 820 4633 v,
856 4601 919 4654 pag.
944 4581 1013 4634 ⁴⁷6.
1065 4589 1129 4638 extr.
1158 4585 1220 4635 coli.
1246 4598 1307 4652 pop.
1332 4576 1396 4632 851.
1418 4579 1449 4631 Α.

427 4690 433 4703 .
471 4671 534 4704 .s.
