3775 5442
650 630 735 692 Liber
756 632 907 695 serendus.
952 565 1057 692 &eui
1075 630 1125 693 lli.
1362 634 1425 697 288

430 803 651 884 Progredimnr
680 804 720 865 ad
749 802 827 877 alia,
855 823 934 883 quae
957 803 1157 868 Parmenides
1177 806 1299 869 Socrati
1326 824 1431 886 oppo-¹

345 909 393 966 nit
411 906 461 985 *),
495 908 562 968 eius
590 905 775 968 sententiam
802 907 833 967 ln
869 908 1112 970 controversiam
1146 909 1240 969 etiam
1276 909 1425 973 malorem

344 1010 543 1073 adducturus.
586 1010 791 1088 Posteaquam
820 1011 902 1072 euim
929 1010 1074 1074 Socrates
1102 1030 1174 1071 enm
1195 1010 1302 1072 videre
1322 997 1431 1088 irrisit,

343 1131 383 1174 nc
404 1114 491 1176 forte
510 1116 601 1176 ideae
622 1113 698 1174 sollo
713 1112 929 1175 contineantur
942 1115 1055 1176 mentis
1068 1114 1257 1189 notionibus,
1280 1114 1424 1194 quonlam

343 1218 388 1278 ita
411 1219 518 1297 utique
538 1217 638 1297 possit
658 1216 745 1290 fleri,
776 1222 810 1276 nt
831 1236 1014 1295 quamquam
1035 1238 1104 1279 curn
1125 1219 1220 1279 rebus
1242 1217 1423 1279 coniunctae

342 1321 420 1395 sint,
448 1331 551 1383 tamen
589 1341 650 1382 non
685 1321 861 1397 discerptae
896 1338 931 1379 ac
961 1321 1146 1381 dilaceratae
1172 1320 1343 1397 videantur,
1371 1319 1425 1384 llio

342 1426 468 1486 scholae
494 1426 651 1486 Eleaticue
679 1424 826 1503 placitum
847 1428 972 1485 secutus
999 1424 1184 1503 respondet,
1215 1426 1330 1488 nnllam
1353 1444 1424 1488 esse

341 1528 511 1601 notionem,
535 1528 608 1606 quin
630 1527 747 1605 aliquid
769 1526 1012 1604 comprehendat
1034 1526 1117 1604 quod
1139 1544 1247 1589 revere
1268 1528 1320 1589 slt.
1364 1529 1421 1590 nt·

341 1634 424 1692 enim
459 1633 591 1691 docebat
625 1628 834 1704 Parmeniden,
862 1635 898 1689 ut
930 1636 980 1690 est
1012 1648 1040 1689 v.
1060 1629 1103 1690 88
1117 1648 1162 1708 sq.
1191 1630 1241 1693 ed.
1270 1630 1423 1707 Brundin,

341 1727 468 1796 ταύτὸν
491 1730 521 1794 δ’
547 1733 616 1796 ἐστὶ
637 1739 725 1795 νοεῖν
746 1752 781 1794 τε
802 1731 859 1794 καὶ
881 1718 1015 1794 &neuin
1035 1724 1252 1812 incontinua·
1297 1730 1335 1797 οὐ
1357 1726 1422 1817 γὰρ

338 1829 421 1899 ἄνευ
450 1836 510 1896 τοῦ
537 1829 663 1933 ἐιξντος,
691 1838 726 1898 ἐν
756 1808 1186 1928 ᾧπεφωτισμὲνᾳωῆστίν,
1214 1828 1361 1918 εὑρήσεις
1381 1828 1423 1899 τὸ

337 1946 441 2001 νοεῖν.
484 1935 574 2015 Quod
598 1935 722 2016 quidem
746 1937 904 1998 decretum
926 1936 1090 2017 amplexati
1111 1935 1248 2012 Eristioi,
1278 1939 1331 2018 qui
1351 1937 1423 2000 Pla-

339 2041 425 2102 tonia
447 2042 598 2101 rationem
622 2039 856 2113 cavillabuntur,
883 2017 955 2101 enm
984 2039 1077 2101 telem
1108 2048 1287 2102 sumserunt
1316 2060 1422 2114 rerum

338 2153 374 2205 et
401 2144 543 2205 idearum
570 2162 689 2223 ponere
709 2143 984 2218 necessitudinem,
1017 2148 1053 2204 nt
1081 2143 1149 2224 ipso
1168 2144 1290 2206 illarum
1313 2153 1423 2208 nutura

340 2254 374 2307 et
394 2249 482 2325 quasi
504 2247 632 2308 materia
656 2248 689 2308 in
714 2244 823 2307 harum
844 2253 964 2325 partem
994 2251 1027 2308 et
1048 2247 1294 2310 communionem
1316 2250 1422 2312 venire

339 2352 494 2412 oenscuda
517 2357 608 2411 esset.
652 2350 726 2412 lude
753 2368 826 2412 uero
854 2352 1102 2429 consequebatur
1123 2371 1213 2426 sane,
1242 2351 1326 2432 quod
1348 2371 1421 2433 per·

301 2491 305 2502 ·
340 2454 510 2514 absurdum
532 2459 596 2527 est,
624 2461 679 2514 aut
705 2472 756 2516 reo
784 2472 856 2514 esse
881 2460 1007 2515 naturas
1036 2454 1223 2532 cogitantur,
1252 2463 1305 2516 ant
1325 2475 1420 2536 quum

340 2559 562 2638 cogitationum
596 2563 700 2618 meent
727 2555 911 2635 participes,
949 2562 1054 2617 tamen
1084 2574 1147 2617 non
1179 2556 1326 2636 cogitare.
1378 2560 1421 2620 At

339 2664 423 2724 enim
446 2680 519 2722 vero
541 2661 625 2723 illam
648 2660 831 2720 seutentiam
852 2658 1021 2720 aPlntouio
1043 2658 1164 2719 nllone
1185 2658 1316 2720 allenom
1338 2678 1420 2735 esre,

340 2768 395 2846 qni
416 2762 654 2844 disputationem
677 2762 717 2821 de
740 2779 801 2821 uno
817 2761 973 2823 etceteris
995 2764 1113 2822 uttente
1133 2761 1313 2841 perlegerit,
1336 2763 1420 2824 ultro

339 2868 502 2931 nobiscum
523 2866 683 2927 futabitur.
748 2842 817 2925 Non
844 2864 927 2923 enim
955 2864 998 2925 ita
1019 2882 1072 2924 rea
1093 2866 1179 2925 ideas
1202 2881 1239 2923 cr
1261 2864 1328 2924 elus
1349 2884 1420 2926 sen-

340 2971 442 3033 tentia
460 2970 652 3050 participant,
676 2972 710 3028 ut
728 2967 816 3051 ipsas*
833 2966 947 3028 mentis
969 2965 1091 3027 divinae
1112 2964 1317 3045 cogitationen
1339 2984 1420 3028 com-

337 3076 524 3155 plectsntur,
547 3073 602 3132 sed
626 3071 730 3152 potius
752 3070 782 3130 vi
802 3055 837 3131 et
864 3076 951 3131 motu
978 3070 1101 3130 illarum
1131 3069 1163 3130 in
1186 3088 1256 3130 enm
1279 3070 1422 3135 ordinem

338 3183 414 3239 sont
435 3177 578 3253 redactae
599 3193 698 3253 euque
719 3175 791 3253 lege
811 3174 1013 3253 compositae,
1035 3178 1071 3233 ut
1091 3180 1125 3236 et
1145 3174 1232 3254 ipone
1254 3175 1312 3237 rub
1334 3195 1421 3237 men·
1510 3251 1512 3254 .

336 3281 380 3342 tir
402 3281 553 3346 notiones
576 3277 734 3338 subiectae
760 3277 824 3340 sint
853 3277 989 3357 ideoque
1018 3276 1230 3359 intelligantur
1251 3261 1346 3360 atque
1367 3300 1420 3343 co·

337 3389 538 3464 qnormntur.

423 3484 572 3563 Sequitur
599 3481 658 3543 alio
680 3481 832 3545 dubitatio
862 3481 1074 3557 Parmenidis,
1103 3498 1193 3561 qnam
1214 3481 1289 3544 item
1311 3484 1419 3548 verid-

336 3591 412 3653 mile
439 3594 490 3651 est
516 3588 553 3647 ub
582 3585 724 3647 Erirticis
753 3591 860 3647 contra
888 3586 1026 3646 Platonis
1057 3584 1229 3646 doctrinam
1257 3585 1419 3652 excitatam

336 3692 485 3769 esae**).
546 3689 637 3767 Quod
665 3691 747 3750 cuim
773 3690 811 3749 ab
843 3690 912 3768 ipso
940 3688 1072 3749 Platone
1099 3687 1419 3769 soleostiuenuuem

336 3795 491 3869 dictitari,
518 3794 605 3854 ideas
626 3792 713 3871 quasi
735 3794 920 3872 exemplario
941 3792 1091 3872 quaedam
1113 3810 1199 3866 esre,
1224 3792 1263 3853 ad
1287 3810 1420 3870 quorum
1464 3813 1467 3818 ·

334 3900 569 3964 similitudinem
591 3916 642 3957 res
663 3902 830 3958 terrestres
852 3895 976 3957 elllctae
998 3903 1102 3957 essent
1129 3903 1221 3975 utque
1241 3892 1419 3956 conforma·

335 4017 398 4079 tue,
420 4004 454 4064 id
475 4004 601 4063 Eleates
630 4008 723 4080 negat
751 4001 814 4061 ullo
842 4000 935 4060 modo
958 3999 1084 4078 probari
1105 4018 1199 4078 posse
1221 4003 1275 4058 aut
1295 3996 1419 4063 idoneis

334 4108 528 4188 argumentis
550 4104 686 4166 delendi.
735 4103 813 4164 Nam
835 4123 927 4182 quum
950 4104 993 4164 lta
1015 4106 1180 4179 rerutque
1202 4099 1291 4161 ideae
1310 4107 1419 4163 mulne

333 4210 540 4274 similitudine
554 4209 718 4288 gaudeant,
740 4192 932 4286 consequere
952 4207 995 4265 sit
1012 4199 1093 4278 fore,
1117 4209 1150 4262 ut
1165 4203 1202 4264 ad
1225 4203 1418 4267 iudicandam

333 4324 538 4391 utrarumque
560 4311 792 4374 similitudinem
813 4328 938 4391 semper
959 4309 1019 4371 alla
1039 4315 1131 4388 atque
1153 4306 1211 4368 alia
1240 4306 1419 4386 requdratnr

333 4484 545 4496 -ι--ι

404 4569 432 4614 *l
451 4566 479 4620 Ρ,
499 4560 648 4614 159.Β,(1.

387 4636 432 4701 ³⁴)
450 4637 479 4685 P.
497 4633 557 4684 15¹2.
573 4634 606 4683 ll.
622 4651 680 4702 sqq·
698 4660 728 4671 -·
745 4630 808 4684 155·
820 4635 850 4690 A·
