3775 5442
461 674 525 741 m
777 671 863 731 liber
884 670 1038 730 secundus.
1080 668 1182 730 esen
1202 670 1223 731 Ι.

463 865 558 928 quom
581 844 717 919 rideret,
751 842 962 923 qusestionem
983 841 1016 903 in
1038 860 1078 906 ee
1098 846 1279 922 trsctstsnn,
1306 840 1367 905 etsi
1387 840 1427 902 sd
1450 840 1552 903 Unum

462 947 655 1013 Permeeidls
667 952 835 1029 speetsret,
858 954 960 1007 temen
974 946 1103 1007 Eieetse
1115 944 1298 1007 sententium
1310 960 1374 1007 noe
1386 942 1553 1024 explicere,

464 1054 521 1118 sed
543 1051 649 1132 potius
669 1049 836 1111 immutsre
857 1055 891 1111 ot
911 1054 1103 1130 pervertere,
1123 1046 1157 1111 iu
1179 1065 1246 1108 cnm
1259 1047 1411 1108 deductus
1429 1048 1552 1129 opinin-

464 1175 537 1219 nem
567 1125 633 1230 est,
663 1157 700 1214 ut
719 1151 913 1215 l’ermenidis
943 1151 1115 1212 doctrinm
1139 1149 1180 1213 do
1201 1151 1270 1213 Uno
1291 1149 1426 1211 reiutsrl
1447 1153 1555 1213 existi·

464 1264 579 1333 meret,
607 1262 642 1316 et
669 1274 708 1317 eo
736 1254 861 1334 quidem
896 1254 1007 1328 modo,
1041 1259 1077 1316 ut
1105 1254 1218 1333 quibus
1245 1256 1375 1316 Eleetee
1404 1253 1554 1319 sdversns

465 1360 659 1423 sdverserios
681 1358 728 1419 uu
750 1356 984 1419 consuevissent
1004 1356 1179 1420 disserendi
1202 1356 1331 1432 ortibus,
1354 1357 1466 1421 iisdem
1480 1359 1555 1421 i‘sr-

465 1464 617 1539 nsenides,
640 1480 776 1524 summus
798 1459 891 1524 huius
913 1460 1040 1523 sehoise
1061 1457 1225 1539 magister,
1247 1478 1302 1520 sus
1321 1460 1421 1540 ipsius
1441 1463 1557 1541 plseitp

466 1566 649 1646 impugnans
671 1570 704 1624 et
725 1565 904 1626 convellens
926 1562 1137 1626 induceretur.
1160 1561 1267 1641 linque
1287 1563 1335 1625 vir
1355 1564 1555 1628 doctissimus

466 1669 634 1751 profitetur
653 1685 685 1748 p.
706 1664 841 1747 mse,
866 1668 994 1731 deone
1013 1664 1045 1727 in
1068 1665 1130 1727 hoc
1151 1682 1295 1727 sermone
1323 1668 1473 1748 euplicnts
1493 1646 1556 1731 sibi

467 1770 567 1835 rideri
594 1789 696 1850 neque
725 1788 784 1849 pro
811 1768 980 1832 Pictonicie
1008 1787 1067 1830 sec
1097 1785 1156 1848 pro
1177 1767 1391 1833 l’ermenldcis
1413 1769 1556 1834 istuis

468 1894 549 1949 esse,
571 1872 756 1954 pressertim
779 1890 873 1951 quum
896 1871 1127 1951 disquisitiones
1150 1870 1311 1933 institutse
1338 1891 1400 1935 non
1427 1875 1467 1936 ed
1488 1894 1555 1939 eer-

469 1984 532 2040 tsrn
545 1977 697 2057 quendem
712 1973 940 2037 conclusionem
962 1973 1219 2053 perducerentur.
1262 1972 1378 2037 Verum
1401 1975 1462 2039 linc
1482 1996 1556 2063 enn-

468 2080 572 2143 silium
594 2079 661 2140 slve
681 2077 822 2139 Pletonis
843 2076 969 2156 ingenio
991 2096 1027 2138 ec
1048 2076 1198 2156 singulsrl
1219 2076 1285 2153 ille,
1308 2096 1369 2156 qus
1388 2078 1463 2142 sllisi
1479 2080 1555 2143 Pse-

469 2182 624 2245 menidem
653 2179 868 2261 prosequitur,
899 2179 1075 2242 reverentis
1105 2179 1264 2259 indignum
1287 2181 1387 2243 risum
1406 2188 1466 2260 est,
1488 2186 1556 2247 sive

470 2306 539 2348 cem
568 2302 693 2346 morose
719 2283 780 2345 ists
808 2291 841 2345 et
868 2284 954 2345 tristi
983 2282 1158 2345 disserendi
1190 2284 1374 2361 severitste,
1407 2305 1488 2367 quse
1516 2306 1557 2350 ne

470 2390 658 2453 levissimum
688 2387 813 2467 qrridem
841 2385 939 2447 hebet
964 2384 1118 2449 irrisionis
1145 2385 1312 2462 indicium,
1345 2389 1430 2451 nullo
1459 2393 1557 2455 mede

471 2492 650 2566 convenire3
682 2489 736 2568 qul
757 2494 867 2571 postes
889 2508 975 2551 suem
997 2489 1038 2550 de
1060 2488 1122 2550 liec
1145 2506 1242 2568 opere
1263 2492 1448 2555 sententium
1471 2495 1557 2557 dixe-

471 2602 553 2667 runt,
581 2597 614 2656 in
641 2594 701 2655 elis
728 2595 831 2655 omnis
858 2592 919 2654 silei
942 2592 1172 2655 discedendum
1203 2610 1274 2656 esse
1301 2594 1443 2659 eriritreti
1473 2605 1556 2660 sunt

471 2698 596 2762 Etenim
622 2715 760 2761 summus
788 2696 844 2758 ille
870 2714 1001 2775 operum
1029 2696 1260 2759 Platonicorum
1295 2698 1467 2778 interpres,
1504 2705 1558 2782 qui

471 2802 590 2882 primus
619 2799 841 2881 philosophum
874 2800 1027 2862 Grsecum
1056 2799 1240 2861 Germenice
1269 2800 1447 2880 loquentem
1470 2803 1557 2880 iecit,

473 2907 566 2988 0per.
594 2906 673 2967 Pist.
701 2901 773 2967 Vol.
796 2903 819 2966 l.
847 2904 881 2966 Ρ.
904 2904 941 2967 ll.
968 2910 1000 2985 p.
1022 2904 1144 2984 disqu.
1173 2902 1222 2963 ed.
1245 2922 1308 2964 sec.
1340 2904 1423 2966 hunc
1442 2906 1559 2971 librum

473 3009 594 3073 censuit
616 3007 788 3068 arctissime
810 3027 879 3068 cum
900 3006 1045 3069 Plrsedro
1068 3013 1101 3068 et
1121 3005 1294 3084 Protogene
1315 3007 1503 3085 colrserere,
1524 3017 1560 3072 ut

472 3115 504 3175 in
532 3131 593 3192 quo
616 3126 695 3189 quse
716 3109 749 3169 in
770 3107 820 3168 isis
842 3109 976 3188 dicioris
996 3106 1211 3171 tsntummcdo
1233 3107 1378 3171 inchosts
1399 3112 1442 3175 sit
1462 3113 1559 3175 studii

472 3213 691 3297 philosophice
720 3210 902 3271 modemndi
930 3211 1122 3291 regendique
1152 3210 1342 3291 praeceptio,
1365 3216 1462 3277 veluti
1483 3233 1558 3277 con-

473 3316 613 3379 iinuetur
634 3323 728 3394 etque
749 3323 991 3388 consummetur.
1046 3312 1203 3376 Videlicet
1223 3314 1256 3375 in
1277 3315 1343 3377 illis
1363 3321 1559 3384 sermonibus

473 3417 641 3493 sepientlne
662 3417 798 3480 studium
820 3419 865 3480 eit
886 3420 951 3481 tsie
971 3418 1144 3492 informeri,
1167 3436 1229 3498 quo
1251 3438 1332 3499 quse
1352 3419 1413 3482 iem
1435 3422 1559 3483 invente

474 3525 508 3581 et
537 3521 695 3601 explerets
721 3523 785 3586 nint
815 3543 885 3586 cum
911 3524 981 3587 eliis
1008 3522 1288 3596 communicentur-3
1315 3524 1348 3586 in
1375 3523 1562 3586 l’srmenide

347 3612 351 3621 ⁸
474 3630 577 3687 sutem
599 3626 682 3686 idem
704 3625 781 3697 illud
804 3628 929 3709 depingi
951 3628 1006 3703 sic,
1028 3632 1064 3688 nt
1085 3626 1242 3706 quomode
1264 3646 1369 3689 rerem
1391 3627 1561 3707 investige-

474 3733 527 3790 tur
553 3735 587 3790 et
612 3730 789 3810 reperietur
815 3733 910 3793 veluti
941 3730 1057 3794 nostris
1084 3730 1224 3811 ipsorum
1257 3731 1355 3794 oculis
1387 3748 1559 3791 cernemus.

473 3831 691 3894 Permenidem
721 3833 802 3896 enim
828 3835 873 3896 its
901 3835 942 3896 de
972 3853 1047 3898 vero
1082 3840 1284 3914 qusercetem
1317 3833 1489 3908 introduci,
1525 3840 1562 3893 ut

474 3934 553 4019 nillil
578 3954 705 4012 corum,
732 3956 811 4018 quse
840 3938 1080 4013 concludentur,
1106 3935 1230 4001 eliensi
1259 3938 1308 4000 vel
1329 3938 1461 3999 mutue
1482 3936 1563 3997 mire

475 4038 632 4114 wddmt,
658 4039 796 4103 declinet
824 4047 877 4103 sut
903 4040 1105 4116 reformidet,
1137 4042 1196 4105 sed
1216 4062 1288 4107 oum
1308 4041 1439 4103 menime
1461 4039 1562 4102 disse-

476 4143 568 4206 rendi
593 4144 760 4205 severitate
787 4143 975 4226 singulsrem
1004 4145 1208 4209 constentism
1236 4154 1269 4209 et
1302 4144 1563 4226 tranquillltstcm

477 4247 651 4327 ceniungst.
708 4246 789 4310 Huic
820 4269 894 4311 vero
917 4250 1035 4330 epponi
1055 4246 1144 4328 qussi
1165 4255 1199 4311 ei
1219 4268 1240 4311 e
1259 4250 1389 4330 reglum
1410 4247 1562 4311 collecnri

477 4350 634 4411 Zenonem
658 4354 751 4429 etque
773 4353 952 4425 Socratem,
980 4372 1017 4415 er
1038 4352 1151 4433 quim
1171 4350 1228 4415 ille
1246 4353 1342 4417 ermis
1362 4353 1396 4417 ln
1415 4352 1473 4416 tut
1494 4370 1563 4415 cer·

478 4453 593 4514 iumine
614 4453 698 4514 hsud
720 4473 795 4515 sene
823 4453 1036 4531 sdmitieedie,
1068 4454 1130 4517 hoc
1151 4459 1200 4517 esi
1221 4455 1369 4536 espiienis
1391 4462 1424 4520 et
1444 4454 1563 4536 negotis

478 4557 747 4632 conclusiunculis,
776 4557 970 4618 adversarios
998 4558 1248 4632 conturbsverit3
1280 4560 1334 4623 iric
1357 4566 1461 4623 eciem
1488 4576 1564 4638 pree

479 4658 604 4722 inveniti
627 4660 760 4740 quodem
781 4662 904 4740 pudore
924 4670 958 4723 et
979 4661 1145 4725 timiditets
1162 4663 1298 4726 nondum
1321 4662 1423 4727 omnin
1443 4681 1482 4724 es
1503 4680 1563 4740 qus
