3775 5442
426 654 490 720 408
842 645 1080 711 PdeONIS

427 822 468 891 οὐ
487 825 547 890 roi
568 824 682 889 irrora
703 820 789 904 [τοῦ]
812 820 1012 904 μέλλοντοςι
1033 817 1112 882 Ναί.
1162 809 1209 881 Τὸ
1230 817 1266 881 dd
1289 813 1329 896 δή
1352 819 1419 883 ἔστι
1444 817 1523 913 καὶ.

427 922 467 993 τὸ
497 931 646 1013 γίγνεται
674 924 713 990 οὐ
743 929 804 990 τοῦ
832 927 893 989 νῦν
921 917 1110 1009 ααρόντοςι
1140 915 1239 985 Παίου
1267 920 1327 1005 μὲν
1347 910 1413 986 οὖν.
1459 925 1503 988 Ei

359 1186 363 1195 ι
428 1159 610 1242 reperirem,
637 1159 719 1218 euius
746 1166 845 1217 tamen
871 1156 982 1215 formae
1010 1157 1133 1214 aiterum
1156 1155 1317 1232 exemplum
1338 1153 1413 1213 haud
1436 1175 1509 1216 sana

429 1267 568 1343 reperies.
621 1261 808 1325 Βιιιιιιαιαιο
844 1261 895 1324 Gr.
931 1258 968 1319 T.
1002 1258 1038 1318 11.
1070 1279 1099 1339 p,
1134 1261 1184 1317 96.
1216 1258 1295 1316 istud
1328 1257 1510 1335 γενηθήσεται

428 1369 583 1428 'ridebatur
603 1383 740 1444 magnam
759 1361 866 1423 babere
888 1363 1112 1432 dubitationem,
1133 1372 1166 1419 nt
1187 1361 1262 1439 quod
1283 1360 1339 1419 boe
1360 1381 1421 1422 uno
1441 1365 1508 1424 loeo

427 1481 574 1549 repertum
604 1477 690 1526 esset.
730 1465 838 1526 Verum
862 1466 933 1526 mibi
961 1466 1076 1543 quidem
1105 1482 1193 1542 quum
1219 1466 1346 1524 aoristus
1373 1463 1507 1545 ἐγενήθην

428 1591 446 1632 a
468 1570 610 1632 Lobeobio
633 1571 670 1629 ad
690 1568 850 1649 Phrynieb.
872 1589 900 1647 p.
925 1571 993 1628 108.
1016 1568 1087 1627 satia
1108 1570 1150 1627 sit
1170 1569 1371 1643 communitus,
1393 1587 1430 1627 ua
1451 1572 1508 1642 ista

429 1678 546 1755 quidem
580 1674 673 1733 tutori
708 1672 803 1731 forma
838 1682 972 1749 suspecta
1008 1681 1069 1745 est,
1095 1674 1273 1750 ‘praesertim
1301 1689 1389 1749 quum
1422 1671 1508 1731 Plato

426 1775 616 1837 Doriensium
644 1774 879 1853 pbilosophorum
905 1774 1042 1851 loquendi
1064 1774 1302 1833 cousuetudinem
1324 1777 1436 1835 imitari
1456 1795 1507 1853 po·

426 1882 529 1940 tuerit.
571 1876 695 1936 Videtur
723 1886 820 1934 autem
846 1875 984 1953 γενήσεται
1005 1886 1048 1955 et¹
1054 1878 1234 1955 γενηθήσεται
1255 1880 1297 1935 ita
1319 1876 1453 1950 differre,
1475 1886 1508 1934 ut

428 1980 512 2054 illud,
530 1981 635 2056 quippe
647 1996 665 2034 a
677 1986 806 2053 tempore
819 1981 965 2054 praesenti
978 1977 1106 2055 ductum,
1124 1984 1270 2041 actionem
1287 1980 1509 2054 diuturniorem,

428 2082 485 2142 boe
507 2092 620 2154 autem,
647 2080 724 2156 quod
746 2099 811 2138 eum
833 2081 942 2142 aoristo
964 2094 1009 2141 eat
1029 2065 1203 2164 unguntum,
1225 2082 1297 2142 nihil
1319 2083 1377 2140 uisi
1397 2093 1509 2161 tempo·

429 2189 472 2245 ris
513 2192 709 2256 momentum,
746 2200 803 2259 quo
837 2187 911 2242 ectio
940 2189 1092 2263 quaepiam
1125 2185 1311 2258 absolvitur,
1349 2183 1508 2265 signifieat.

430 2288 530 2364 ltaque
565 2284 703 2363 γενήσεται
737 2288 985 2364 interpretamur:
1023 2308 1055 2348 οι
1088 2287 1164 2347 eee‘rd
1197 2289 1237 2345 e'm
1272 2286 1399 2346 Werdees
1427 2289 1507 2363 eeia3

429 2385 610 2469 γενηθήσεται
631 2400 728 2448 autem
750 2391 911 2470 signifieat:
939 2410 972 2450 ee
992 2392 1069 2450 toird
1087 2391 1221 2464 werden,
1242 2409 1364 2467 quorum
1385 2391 1509 2448 alterum

429 2496 521 2552 reiuti
543 2502 651 2550 statum
673 2502 702 2550 et
723 2490 919 2552 conditionem
937 2494 1052 2553 suturae
1068 2496 1211 2566 aetionis,
1232 2496 1355 2551 alterum
1372 2494 1510 2569 temporis

431 2599 600 2670 artieuium,
636 2613 693 2671 quo
721 2616 755 2669 ea
789 2606 935 2671 tamquam
969 2615 1029 2655 uno
1063 2599 1126 2656 ictu
1154 2595 1332 2669 absolvitur,
1371 2595 1511 2654 denotare

392 2745 396 2752 .
431 2701 556 2760 videtur.
607 2696 691 2767 Quod
719 2716 758 2757 ne
788 2707 895 2757 tenuere
928 2699 1081 2759 videamur
1108 2701 1255 2777 posuisse,
1290 2697 1390 2756 eodem
1422 2695 1510 2755 modo

422 2803 569 2862 'differunt
601 2799 731 2859 intutum
759 2799 846 2859 medii
877 2803 991 2877 passive
1019 2805 1144 2881 positum
1177 2811 1263 2878 atque
1297 2802 1390 2879 prima
1416 2796 1511 2857 futuri

432 2905 541 2981 passivi
559 2903 668 2978 forma,
691 2902 717 2962 si
738 2903 853 2980 quidem
875 2912 997 2982 utraque
1020 2907 1111 2965 forma
1132 2923 1236 2964 revera
1256 2922 1312 2962 usu
1335 2900 1510 2976 oeiebratur3

432 3010 524 3066 veluti
552 3004 704 3080 ἀδικήσεται
731 3007 822 3086 Gorg.
849 3028 876 3084 p.
906 3009 978 3069 509.
1005 3004 1043 3067 D.
1065 3017 1095 3066 et
1123 3004 1335 3083 ἇόικηθήοεταιι
1356 3007 1510 3083 θριψονιαι

432 3113 480 3169 καὶ
505 3106 694 3167 παιδεύσοιααι
721 3117 752 3164 et
771 3108 974 3187 τρεφθήσοισαι
1000 3113 1047 3171 καὶ
1073 3109 1321 3186 παιδευθήσονται,
1349 3107 1463 3168 Criton.
1483 3126 1510 3186 p.

434 3214 484 3268 54.
505 3212 541 3275 A.
563 3209 607 3266 De
630 3209 750 3285 Repubb
771 3212 846 3274 vlu.
868 3232 896 3290 p.
917 3217 989 3273 568.
1010 3214 1049 3280 D.
1077 3208 1230 3292 βλαψονται
1251 3226 1280 3271 et
1300 3211 1511 3290 βλαφθήσοντσι

437 3311 566 3392 ibueyd,
589 3313 636 3374 Vl·
659 3315 709 3374 ot.
732 3313 789 3371 Sed
810 3317 893 3391 plura
914 3317 940 3374 si
962 3319 1059 3393 oupia,
1081 3319 1166 3376 adeas
1192 3313 1452 3376 Hemsterbuss'stss
1474 3294 1509 3373 ad

435 3411 537 3478 Thom.
568 3410 645 3495 Mag.
676 3433 704 3491 p.
739 3416 808 3474 852.
845 3417 944 3476 Unum
972 3418 1134 3477 adscribam
1165 3420 1260 3478 iocum
1295 3412 1436 3476 Platonis
1468 3414 1510 3477 De

435 3517 555 3592 Repubi.
584 3519 620 3577 11.
641 3537 669 3593 p.
703 3519 775 3578 361.
804 3517 854 3593 Ε.,
883 3522 960 3580 unde
987 3525 1146 3580 sententiae
1179 3533 1296 3580 nostrae
1324 3539 1384 3577 non
1411 3538 1510 3598 parum

433 3620 569 3696 ponderis
597 3621 726 3679 secedit:
754 3623 846 3699 ἐροῦσι
873 3628 903 3685 di
928 3624 1007 3695 saida,
1033 3625 1076 3686 ὅτι
1093 3661 1137 3672 -
1158 3624 1229 3684 οὗτοι
1263 3626 1426 3700 διακείμενος
1459 3645 1511 3699 μα-

435 3721 599 3800 στιγώσεται,
614 3723 814 3803 στρεβλώσεται,
830 3727 966 3802 ὄιοήσιται
980 3727 1125 3809 (eieoule‘s
1142 3729 1319 3787 constrictus
1338 3719 1511 3805 tenebitur),

434 3824 633 3901 ἐκκαυθήσεται
657 3824 834 3907 τῶφθαλμοὶ,
862 3833 989 3892 τελεινιιῖν
1014 3831 1103 3891 πάντα
1128 3824 1199 3890 ubso't
1225 3828 1331 3890 παθών
1351 3825 1512 3887 ἄνασιινόυ-

432 3928 603 4002 ιιοθήσεται.
642 3929 683 3990 lbi
705 3920 805 3989 barum
828 3933 987 3993 formarum
1009 3937 1086 3993 ratio
1108 3944 1138 3992 et
1159 3948 1261 3990 oaussa
1283 3933 1313 3989 in
1335 3933 1436 4007 aprieo
1459 3937 1511 3987 est.

435 4033 608 4107 Quanquam
640 4051 700 4092 non
733 4038 862 4094 omnium
895 4038 1043 4112 iocorum,
1075 4040 1107 4095 in
1137 4035 1239 4113 quibus
1268 4034 1392 4093 medium
1422 4032 1511 4091 futuri

434 4133 548 4208 passive
568 4136 730 4215 signifieat,
752 4139 851 4198 eadem
867 4143 945 4200 ratio
967 4150 1027 4199 eat:
1049 4156 1253 4217 saepenumero
1270 4139 1364 4210 enim,
1388 4138 1511 4195 maxime

433 4236 461 4293 si
493 4237 602 4313 possiet
635 4238 730 4299 forma
757 4244 853 4300 minua
879 4245 1002 4321 probata
1027 4244 1097 4316 init,
1126 4242 1251 4300 medium
1281 4241 1454 4316 simplieitar
1480 4251 1511 4295 se

432 4337 497 4394 siue
534 4333 734 4401 diuturnitatis
762 4347 882 4403 notione
919 4349 986 4406 ioeo
1020 4347 1130 4424 passivi
1165 4344 1377 4421 frequentatur.
1432 4338 1512 4410 Quot

344 4427 353 4444 ⁸
433 4448 532 4498 tamea
552 4439 627 4498 nihii
654 4445 790 4520 impedit,
817 4450 970 4521 quominus
990 4449 1068 4507 hune
1089 4451 1185 4506 laeum
1208 4465 1243 4505 eo
1265 4460 1322 4522 quo
1343 4445 1408 4504 dixi
1430 4440 1512 4501 mode

343 4602 349 4613 ¹
435 4543 667 4617 interpretemur.
700 4548 795 4615 Quum
818 4549 895 4606 enim
917 4551 1105 4629 phiioaopbus
1125 4550 1263 4627 praeissent
1284 4556 1315 4605 e't
1336 4544 1513 4625 γενηθήσεται

282 4564 360 4820 x
435 4649 535 4716 aperta
560 4646 690 4708 soluerit
716 4652 828 4709 seeerni
850 4659 937 4728 atqua
965 4653 1124 4732 distingui,
1146 4653 1279 4731 proiecto
1308 4669 1345 4709 ss
1367 4653 1513 4725 aeriasque
