3775 5442
682 672 768 734 Liber
790 677 903 734 tertius.
948 674 1049 734 Sectis
1066 674 1087 732 Ι.
1366 664 1430 737 298
1509 712 1513 724 ,

344 845 429 906 intas
449 846 572 906 iliorum
595 845 706 925 placita
728 846 919 924 probandum
941 852 1074 926 putaret.
1127 846 1169 907 Et
1189 843 1339 927 principia
1361 835 1428 927 qui-

345 949 416 1010 dem
444 947 603 1009 doctrinae
637 953 669 1008 et
695 946 913 1024 fundamenta,
948 970 1027 1030 quae
1060 955 1247 1031 posuerant,
1281 948 1428 1014 contiuuo

344 1051 561 1113 aalmadvertlt
587 1050 631 1110 ita
660 1059 837 1132 comparata
865 1072 951 1129 esse,
981 1061 1015 1115 ut
1036 1053 1169 1114 maximo
1191 1069 1260 1111 cum
1282 1052 1428 1115 utilitatis

345 1154 449 1216 iruetu
487 1160 616 1234 possent
650 1155 689 1215 ad
722 1174 809 1216 artam
846 1156 1001 1218 rationem
1031 1153 1266 1219 accommodari.
1320 1157 1427 1237 ltaque

344 1258 425 1319 bane
455 1277 534 1319 nunc
560 1258 603 1317 lta
630 1258 792 1319 constituit
821 1258 992 1337 explicare,
1027 1266 1063 1321 ut
1090 1259 1169 1334 illis,
1201 1264 1347 1338 quantum
1375 1277 1427 1322 res

343 1364 411 1441 ipsa
423 1362 614 1442 postularet,
636 1361 807 1423 immutatis
830 1369 862 1421 et
883 1363 1004 1425 infleris
1025 1362 1057 1424 iu
1079 1382 1165 1424 susm
1185 1381 1253 1424 rem
1275 1369 1427 1427 uteretur.

344 1465 495 1544 Quoniam
524 1472 627 1525 autem
656 1469 802 1542 quantum
825 1484 875 1525 ars
903 1465 1065 1527 dialectica
1097 1471 1285 1526 momentum
1307 1465 1428 1529 iaceret

342 1567 383 1629 ad
412 1567 476 1628 seri
504 1566 683 1645 exquirendi
711 1567 916 1629 subtilitatem
948 1573 980 1628 et
1012 1568 1053 1628 ad
1089 1568 1277 1648 coarguendi
1310 1570 1427 1633 emeris

342 1671 527 1744 sollertium,
549 1687 611 1729 non
633 1674 759 1753 poterat
779 1669 932 1748 ignorare,
955 1670 1046 1732 etiam
1073 1670 1152 1732 illud
1174 1670 1347 1732 iaciendum
1368 1691 1427 1752 pu-

342 1775 429 1846 tavit,
452 1778 488 1833 ut
509 1777 607 1832 artem
629 1771 803 1861 disserendi
815 1772 1045 1853 Megaricorum
1065 1773 1215 1835 imitando
1238 1774 1427 1853 exprimeret

341 1884 375 1938 et
405 1874 632 1955 quodammodo
662 1873 781 1935 feceret
807 1893 903 1938 suam.
955 1874 1032 1937 Nam
1060 1876 1104 1937 ita
1125 1874 1320 1955 intelligebat
1341 1872 1428 1935 iutu-

341 2000 410 2042 rum
435 1999 514 2054 esse,
537 1983 572 2040 ut
592 1976 763 2039 adversarii
784 1996 846 2038 non
868 1979 1000 2059 amplius
1022 1978 1053 2039 in
1074 1981 1143 2059 ipso
1163 1977 1338 2040 disserendi
1354 1977 1427 2039 dili·

340 2084 477 2166 gentism
501 2087 533 2144 et
555 2086 652 2142 artem
673 2079 880 2161 requirerent,
902 2087 935 2142 et
957 2081 1022 2144 suis
1044 2082 1183 2162 ipsorum
1205 2082 1287 2156 telis,
1310 2082 1427 2162 quippe

340 2188 382 2249 ad
403 2188 559 2250 saniorem
580 2184 713 2246 formam
735 2189 768 2243 et
788 2185 939 2244 rationem
962 2186 1159 2266 comparatis,
1180 2186 1279 2245 multo
1299 2172 1425 2248 felicius

341 2295 533 2371 peterentur.
555 2289 661 2368 ltaque
681 2286 781 2349 redux
801 2287 834 2347 in
855 2289 986 2368 patriam
1007 2286 1109 2348 fretus
1131 2305 1209 2366 opus
1231 2287 1320 2365 illud,
1340 2286 1425 2367 quod

340 2393 414 2456 inde
444 2392 482 2453 ab
510 2409 549 2452 eo
577 2396 736 2469 tempore,
769 2409 831 2469 quo
860 2391 890 2453 ei
916 2393 988 2454 lites
1017 2395 1050 2452 et
1077 2391 1306 2452 controversiae
1332 2396 1425 2455 natae

340 2503 441 2569 erant,
463 2495 590 2555 molitus
612 2510 681 2553 esse
702 2492 840 2566 videtur,
863 2495 1016 2573 perlicere
1038 2497 1071 2553 et
1091 2492 1252 2553 absolvere
1272 2493 1424 2557 instituit:

341 2618 410 2659 nam
432 2599 493 2660 lam
515 2599 547 2660 in
569 2596 638 2678 ipso
661 2597 774 2656 itinere
796 2579 834 2655 ab
856 2614 894 2655 eo
917 2600 1067 2676 congesta
1088 2614 1167 2670 esse,
1190 2614 1269 2675 quae
1285 2597 1321 2657 ad
1344 2595 1424 2659 illud

341 2701 562 2775 conducerent,
584 2700 750 2761 admodum
774 2703 822 2759 est
843 2699 1019 2760 verisimile.
1081 2698 1182 2776 Atque
1203 2697 1281 2757 baec
1302 2698 1329 2758 si
1350 2718 1424 2761 rere

342 2806 575 2886 disputavimus,
599 2820 792 2882 consequens
815 2807 879 2873 cst,
900 2805 934 2861 ut
957 2799 1171 2861 Parmenidem
1193 2799 1310 2876 pariter
1331 2807 1424 2880 atque

341 2907 519 2988 Sophistam
545 2926 614 2967 cum
637 2903 810 2965 Theaeteto
833 2909 906 2982 post
928 2922 1040 2963 annum
1062 2902 1184 2982 Olymp.
1202 2899 1335 2962 xcviii.
1348 2904 1379 2965 3.
1393 2908 1423 2963 t.

342 3013 374 3072 in
396 3010 505 3091 vulgus
533 3011 651 3070 editum
680 3024 750 3067 esse
777 3007 1013 3069 existimandum
1043 3006 1094 3067 sit.
1158 3004 1266 3082 Neque
1289 3004 1370 3064 enim
1391 3004 1425 3067 in

340 3113 518 3195 longinquis
539 3112 601 3173 iliis
623 3110 788 3171 itineribus
810 3111 842 3171 id
866 3110 931 3173 uilo
953 3110 1047 3171 modo
1069 3108 1138 3170 lieri
1159 3109 1279 3188 potuit3
1319 3125 1424 3168 rever-

339 3238 393 3280 sus
421 3224 525 3278 autem
551 3216 583 3275 ln
610 3214 741 3295 patriam
775 3213 858 3274 baud
893 3215 956 3276 scio
985 3233 1024 3275 an
1052 3232 1130 3293 opus
1157 3211 1219 3292 ipsi
1253 3212 1424 3292 urgendum

339 3321 439 3383 sideri
461 3319 605 3380 debuerit
632 3319 721 3391 ideo,
744 3317 815 3397 quia
837 3317 1085 3380 adversariorum
1107 3315 1322 3379 contentiones
1343 3312 1439 3376 marl-v

340 3435 444 3486 torum
467 3431 588 3483 mentes
605 3421 900 3500 praestrinxissent,
931 3421 984 3499 qni
1006 3418 1123 3498 aliquid
1146 3417 1186 3477 de
1207 3418 1276 3478 istis
1298 3426 1423 3478 contro-

340 3529 450 3590 uersiis
478 3528 527 3588 sel
555 3526 669 3588 litteris
697 3524 746 3583 vel
774 3523 952 3583 narratione
980 3519 1158 3602 propagatis
1193 3519 1422 3581 inaudivissent.

341 3632 417 3694 Nam
453 3625 651 3711 pervulgatus
687 3627 785 3689 irrisae
817 3626 887 3687 ilias
925 3625 1149 3699 dubitationes,
1194 3641 1321 3702 quarum
1354 3621 1423 3702 ipse

340 3733 528 3796 mentionem
559 3730 634 3791 iecit
660 3731 692 3792 in
719 3729 903 3790 Parmenide
931 3713 1072 3807 dialogo,
1106 3747 1125 3787 e
1155 3725 1285 3788 Philebo
1319 3744 1349 3803 p.
1373 3723 1422 3785 15.

339 3839 377 3900 Δ.
391 3854 459 3916 sqq.
483 3843 516 3896 et
536 3833 694 3894 l'baedon.
714 3852 744 3912 p.
768 3831 890 3905 iiiiii).
914 3832 1008 3892 iaciie
1029 3830 1194 3909 inteiligas.

424 3941 527 4019 Atque
549 3937 627 3997 haec
648 3937 676 3997 si
697 3936 900 4016 probabiliter
924 3935 1163 4017 disputavimus,
1193 3926 1276 3993 band
1298 3928 1363 3991 scio
1384 3946 1424 3989 aa

290 4052 300 4088 ·-
339 4041 372 4103 id
395 4041 554 4103 consecuti
577 4041 688 4109 simus,
718 4041 801 4117 quod
824 4042 995 4113 voluimus,
1032 4045 1065 4098 ut
1089 4054 1219 4117 quanam
1242 4031 1424 4114 opportuni·

340 4150 406 4206 tate
433 4165 508 4207 usus
536 4142 742 4224 philosophus
764 4142 898 4202 animum
926 4142 966 4203 ad
995 4141 1192 4203 scribendum
1221 4138 1303 4200 bunc
1325 4137 1424 4198 dialo-

339 4267 414 4330 gum
434 4247 605 4329 appulerit,
633 4246 823 4326 argumentis
846 4247 922 4306 satis
951 4244 1169 4306 verisimilibus
1192 4243 1424 4304 demonstrave-

339 4352 448 4412 rimus.
495 4351 553 4412 llis
575 4356 678 4410 autem
700 4349 868 4428 exploratis
891 4348 985 4409 etiam
1013 4349 1053 4408 de
1081 4348 1233 4408 sermonis
1254 4346 1357 4407 forms
1378 4349 1425 4405 at·

339 4474 400 4535 que
422 4456 526 4534 specie
547 4460 690 4535 putamus
712 4454 810 4514 multo
832 4454 948 4513 certius
970 4453 1149 4531 rectiusque
1169 4446 1297 4509 iudicari
1317 4450 1424 4521 licere,

339 4577 430 4638 quam
454 4559 590 4636 alioquin
614 4560 682 4619 lieri
704 4560 815 4639 potuit.
856 4558 903 4619 De
924 4577 985 4637 qua
1006 4574 1042 4615 re
1064 4555 1111 4614 sel
1133 4555 1299 4632 propterea
1320 4551 1426 4613 dican·

341 4662 416 4723 dum
439 4669 491 4725 est
512 4664 695 4739 accuratius,
718 4662 801 4743 quod
824 4682 843 4723 a
864 4659 1079 4743 superioribus
1100 4657 1175 4719 libri
1196 4655 1426 4717 ensmtoribns
