3775 5442
474 659 539 724 140
802 658 890 718 liber
910 660 1031 736 primus.
1073 653 1173 718 Sentio
1195 657 1229 722 V.

474 812 798 894 mensunusum
820 829 898 911 ipsis
919 831 1078 918 proprium
1100 792 1169 897 ¹silis
1190 837 1283 911 etque
1303 830 1372 893 sliis
1400 832 1560 894 sublectso

473 933 690 1014 esse-possint
715 933 827 997 formis
852 940 948 1014 utque
975 935 1140 1016 generibus
1168 934 1303 1014 ideoque
1331 933 1559 1014 quodammodo

474 1037 611 1101 mobiles
630 1037 771 1104 evtdsnt.
814 1039 905 1119 Quod
926 1038 1024 1118 igitur
1046 1057 1084 1101 eo
1106 1037 1177 1100 loco
1199 1036 1239 1099 do
1266 1036 1455 1118 singulorum
1474 1039 1561 1100 ides-

423 1156 425 1158 ·
474 1157 545 1203 runs
565 1144 676 1202 usturc
697 1147 730 1201 et
751 1141 872 1204 rstlone
893 1141 1090 1217 ostenditur,
1111 1142 1196 1203 idem
1218 1139 1417 1203 menifestum
1437 1148 1487 1205 est
1508 1142 1561 1205 bie

474 1242 570 1307 etism
590 1235 633 1305 sie
652 1245 796 1306 unirent
816 1245 971 1307 essentia
993 1245 1100 1307 duitse
1120 1245 1150 1305 ri
1171 1243 1338 1319 sidrmsri,
1360 1250 1396 1305 nt
1415 1245 1559 1325 proiecto

472 1348 552 1409 sstls
569 1352 711 1427 spertum
731 1348 790 1426 sit,
811 1356 951 1413 nosusrn
970 1348 1301 1410 seutentirmsnseute
1309 1347 1448 1412 Plutonis
1460 1349 1560 1412 neuti-

422 1444 424 1448 ’
475 1469 568 1531 quens
589 1452 773 1515 sbborrere.

560 1555 666 1643 Atque
686 1556 796 1619 erdem
816 1555 957 1618 idesrnm
979 1556 1060 1618 rrtio
1082 1552 1258 1617 declaratur
1286 1554 1379 1614 etism
1399 1554 1561 1623 Pbsedou.

475 1676 507 1742 p.
520 1658 593 1721 1⁰2.
607 1659 642 1722 B.
657 1659 692 1723 0.
714 1659 769 1720 ubi
791 1657 832 1721 de
852 1659 1064 1739 magnitudine
1084 1666 1118 1722 et
1138 1656 1292 1738 psrvitste
1312 1658 1423 1737 egitur.

562 1765 664 1843 Quum
685 1780 759 1824 vero
779 1761 825 1823 its
846 1762 1092 1825 demonstretum
1113 1762 1174 1835 sit,
1204 1779 1261 1822 ens
1281 1759 1402 1822 finitum
1424 1761 1471 1823 sic
1491 1780 1563 1825 esse

476 1871 706 1947 compunctum,
739 1869 776 1925 ut
802 1882 863 1925 nou
891 1870 1012 1926 tuntum
1039 1884 1126 1926 susm
1153 1863 1213 1925 sibi
1242 1863 1401 1943 proprium
1422 1872 1563 1928 nuturssn

476 1970 607 2044 lssbest,
636 1985 743 2029 rerum
764 1967 859 2028 etism
879 1966 1038 2028 relerstur
1059 1968 1098 2029 sd
1119 1967 1214 2041 illud,
1247 1966 1331 2046 quod
1353 1976 1441 2030 estrs
1460 1969 1563 2050 ipsum

477 2072 614 2153 positum
643 2076 708 2146 est,
742 2070 993 2160 qusndopuidem
1020 2076 1053 2131 et
1079 2070 1112 2132 ln
1137 2070 1199 2131 silo
1227 2070 1345 2131 ueremi
1376 2076 1563 2153 exterusqne

473 2175 616 2257 ,neodem
637 2173 828 2237 condicione·
842 2181 876 2235 et
897 2189 971 2234 vero
989 2172 1081 2233 etism
1093 2173 1209 2234 moueri
1230 2191 1266 2234 sc
1277 2173 1478 2255 multiplicem
1492 2162 1563 2238 eum

477 2280 534 2353 lis,
557 2295 635 2358 quse
648 2282 736 2339 extrs
745 2278 848 2359 ipsum
862 2281 952 2350 sunt,
974 2275 1125 2337 rstionem
1139 2281 1172 2337 et
1184 2276 1444 2339 necessitudinem
1455 2280 1564 2342 subire

477 2381 636 2463 sppsruit;
663 2386 732 2442 tum
752 2378 826 2440 inde
846 2365 952 2461 s‘psg·
966 2375 1038 2446 ilo.
1050 2377 1087 2441 Δ.
1100 2385 1176 2441 extr.
1198 2381 1298 2441 mrior
1319 2380 1407 2461 qussi
1427 2381 1565 2446 nescitur

476 2504 583 2548 rerum
605 2483 701 2560 ordo,
723 2481 975 2563 qusndoquidem
995 2480 1109 2544 debinc
1128 2482 1231 2544 surim
1246 2483 1327 2544 eutis
1341 2484 1420 2547 liniti
1431 2487 1564 2550 virtutes

362 2591 364 2593 ’
478 2590 523 2651 its
544 2590 754 2669 explorsotur,
775 2592 894 2647 utnon
917 2582 1016 2664 ipsius
1037 2590 1158 2646 tentum
1175 2585 1222 2647 vis
1237 2590 1270 2646 ct
1287 2591 1565 2672 nstursrupiuis·

331 4732 392 4820 5.

476 2700 548 2766 tur,
570 2692 633 2753 sod'
649 2691 741 2753 etiem
764 2707 843 2770 quse
863 2689 895 2750 ei
916 2705 987 2748 euru
1000 2693 1072 2760 τοῖς
1089 2679 1206 2761 ἄλλοις
1225 2689 1305 2750 rstiu
1320 2693 1564 2760 etnecessitudo

439 2862 441 2866 ,
476 2796 671 2871 intercedet,
706 2791 866 2857 subtiliter
896 2791 1085 2872 exquiretur.
1127 2791 1162 2854 ld
1185 2792 1269 2872 qnod
1291 2789 1383 2855 etium
1405 2796 1565 2876 perspexit

478 2900 524 2975 is,
546 2900 600 2980 qui
621 2896 726 2960 Procli
746 2895 1018 2971 commentsrium,
1040 2915 1159 2958 summu
1179 2901 1283 2958 umen
1304 2914 1378 2960 urus
1400 2900 1565 2979 brevitste,

479 3006 628 3079 obsolvit,
650 3001 805 3085 popm.
827 2998 866 3061 T.
877 2996 930 3062 vi.
975 3000 1126 3078 Quocircs
1148 3020 1227 3080 quae
1255 3002 1402 3082 deinceps
1428 3003 1476 3066 do=
1492 3015 1566 3068 ente

477 3108 567 3171 finito
584 3108 800 3176 disseruntur,
823 3102 914 3162 sicuti
935 3109 1175 3183 consentiorum
1196 3111 1262 3181 est,
1285 3107 1388 3167 omnis
1408 3109 1566 3188 pertinent

477 3227 534 3284 eo,
560 3216 597 3270 nt
617 3208 813 3269 illustrentur
833 3205 974 3282 potiores
995 3206 1153 3285 quaedum·
1165 3205 1251 3269 iliius
1268 3211 1424 3287 «retium,
1447 3191 1525 3291 quse
1546 3232 1566 3276 e

478 3312 563 3373 nris
591 3315 624 3372 et
650 3305 813 3386 multiplici
840 3305 982 3368 idesrum
1011 3314 1105 3388 etque
1137 3327 1242 3372 rerum
1271 3314 1503 3378 necessitudine
1532 3324 1566 3378 et

479 3410 710 3491 eompurstioue
731 3409 827 3471 veluti
847 3415 961 3488 sponte
988 3421 1190 3490 eusscuntur,
1223 3434 1364 3498 pureque
1389 3422 1566 3498 propiores,

480 3515 565 3596 quod
593 3520 666 3577 suut
691 3512 874 3593 generales,
907 3513 940 3575 in
969 3525 1006 3578 es
1033 3524 1207 3598 quaesunt
1228 3520 1490 3599 csdereprorsus
1512 3541 1567 3584 ne-

480 3637 570 3682 eesse
590 3623 648 3680 est.
692 3617 848 3694 Quorsum
869 3619 1028 3696 pertinent
1048 3621 1244 3700 potissimum
1258 3621 1430 3688 identitatis
1450 3631 1482 3687 et
1504 3626 1566 3688 dii-

479 3721 647 3797 ierentise,
675 3720 886 3783 similitudinis
915 3740 952 3781 ue
987 3721 1264 3801 dissimilitudinis,
1297 3729 1505 3792 concretionis
1534 3737 1568 3791 et
1597 3719 1600 3723 ’

480 3826 702 3908 superstionis,
725 3824 920 3904 sequrlltstis
933 3832 966 3885 et
977 3827 1203 3906 insequslitutis
1221 3829 1381 3904 notiones,
1404 3830 1567 3909 exquibus

480 3936 657 4011 postremae
670 3929 919 4008 pervestigentur
933 3930 995 4004 sic,
1018 3938 1054 3992 nt
1075 3938 1109 3993 et
1129 3931 1221 4012 sputil
1242 3936 1276 3994 ‘et
1297 3931 1448 4011 temporis
1469 3932 1567 3995 retio-

480 4051 537 4097 nes
559 4031 796 4110 diligentissime
824 4032 1035 4111 explorentur.
1085 4036 1205 4115 Quibus
1233 4037 1357 4115 quidem
1386 4035 1566 4098 notionibus

481 4142 629 4217 qusntrrm
655 4133 744 4197 Pisto
776 4134 943 4209 tribuerit,
977 4138 1026 4198 vel
1055 4137 1128 4199 binc
1160 4138 1329 4199 existimari
1357 4139 1445 4213 licet,
1482 4138 1568 4218 quod

480 4239 608 4303 essum
630 4239 723 4298 etiem
743 4238 819 4299 sllbi
839 4238 872 4300 in
894 4237 1046 4304 similibus
1070 4240 1303 4320 quaestionibus
1316 4258 1457 4321 murnum
1480 4248 1567 4306 certe

480 4350 603 4424 purtem
624 4340 744 4420 attigit,
766 4340 863 4400 veluti
884 4339 1015 4404 Theset.
1036 4362 1067 4423 p.
1086 4343 1157 4407 let.
1172 4345 1210 4407 A.
1224 4345 1259 4406 li.
1282 4343 1354 4406 let.
1370 4346 1406 4408 A.
1450 4344 1569 4410 Verum

483 4445 525 4506 de
545 4443 595 4506 bis
615 4450 726 4524 postes
747 4441 808 4502 erit
829 4443 954 4504 dicendi
975 4444 1083 4521 locus,
1116 4446 1169 4508 ubi
1190 4447 1231 4510 de
1253 4447 1421 4512 Pictonicis
1444 4456 1569 4531 cetego·

483 4545 540 4608 riis
568 4545 717 4626 peculisri
744 4544 848 4608 studio
879 4544 1091 4622 explicandum
1124 4550 1193 4613 erit.
1241 4549 1414 4633 Diligenter
1441 4554 1569 4615 veroin

470 4649 545 4713 ,Ιιιο
564 4649 754 4735 qusesdunls
775 4654 865 4731 perte
885 4645 1108 4713 sttendeuduns
1126 4657 1186 4729 est,
1205 4672 1288 4734 quse
1307 4634 1351 4719 sit
1368 4656 1412 4719 dc
1430 4654 1568 4720 Plutonis
