3775 5442
641 703 644 709 Ι
671 625 756 685 liber
775 628 894 702 prinrns.
938 626 1040 687 Sectio
1063 627 1097 697 ii.
1195 552 1220 603 θ
1390 630 1433 693 59

329 796 497 863 conmuni
518 796 633 877 specie.
677 796 816 876 Denique
837 798 931 859 rebus
953 798 1113 878 corporeis
1135 803 1229 878 etque
1242 799 1324 862 ideis
1341 803 1432 880 plane

330 901 490 965 nimus
511 920 548 963 ac
569 902 721 980 separatis
743 920 866 963 omnem
887 904 1055 963 censebant
1077 903 1234 964 sublatum
1260 902 1301 965 iri
1323 923 1431 967 rerum

331 1004 511 1067 diuinarum
536 1003 696 1067 scientiam
719 1010 751 1065 ct
772 1005 997 1085 cognitionem,
1032 1006 1119 1069 cuius
1141 1007 1315 1069 sententiae
1337 1027 1429 1089 sagra-

332 1113 444 1171 menta
467 1127 486 1167 e
507 1114 613 1169 rcrrtua
634 1108 796 1169 notionum
818 1109 938 1171 ratione
959 1130 996 1172 nc
1017 1110 1245 1173 necessitudine
1267 1113 1427 1190 petebant.

333 1210 425 1271 llaec
446 1210 545 1289 igitur
566 1209 709 1277 ridentur
729 1211 853 1290 potiora
873 1211 974 1276 inim
995 1220 1192 1292 argumenta,
1226 1216 1338 1294 quibus
1360 1217 1431 1279 Pla-

333 1313 422 1375 tonis
450 1313 638 1375 sententiam
668 1312 854 1377 labefactare
880 1317 983 1377 consti
1010 1322 1092 1377 sunt.
1143 1317 1207 1379 Sed
1235 1322 1429 1395 quautumuls

334 1417 417 1477 ilaec
437 1415 692 1481 subtilitatum
711 1423 746 1476 et
758 1425 847 1479 acute
858 1423 965 1481 essent
978 1417 1167 1496 excogitata,
1190 1426 1224 1480 ut
1236 1420 1373 1489 iacileiu
1390 1424 1430 1487 iis

336 1540 470 1583 acumen
484 1538 633 1600 qooscas
653 1519 812 1581 hominnm
830 1519 864 1581 in
884 1520 1056 1582 dialecticis
1071 1521 1160 1583 valde
1176 1525 1430 1601 exercitatorum

336 1633 443 1687 tamen
456 1624 591 1693 vicissim
610 1622 733 1685 Platoni
751 1624 924 1685 concedere
941 1622 1040 1685 coacti
1056 1629 1129 1685 sunt
1146 1624 1326 1703 ailirmauti,
1349 1630 1429 1695 isicia

336 1748 471 1809 prorsus
491 1726 623 1791 sublatis
645 1745 769 1787 omnem
783 1725 852 1787 tolli
864 1724 1025 1786 seientiam
1038 1731 1071 1787 et
1083 1727 1292 1806 cognitionem
1308 1747 1427 1806 corum,

339 1850 418 1911 qnae
439 1849 512 1893 esse
532 1830 751 1893 iudicarentur.
796 1830 898 1908 Quum
919 1828 1002 1889 enirn
1023 1830 1119 1891 rebus
1141 1828 1200 1892 sub
1221 1847 1330 1893 seuarrs
1354 1835 1429 1895 sula-

337 1936 427 1997 lectis
451 1952 575 1997 omnen
597 1933 798 2007 detraherent
819 1930 982 1995 veritatem
1003 1951 1062 1994 nec
1081 1935 1142 1997 nisi
1157 1924 1430 2013 incerteeopinio·

339 2039 388 2099 nis
413 2037 629 2116 relinquerent
658 2038 974 2126 verisimilitudinem,
1007 2035 1053 2097 illi
1089 2043 1209 2110 autem,
1245 2037 1330 2115 qnod
1358 2057 1429 2099 esse

337 2142 506 2222 putabm,
528 2146 744 2220 praeteream
764 2142 862 2221 ipsam
884 2142 1030 2203 virtutem
1053 2138 1131 2200 nilril
1156 2158 1285 2220 prorsus
1309 2141 1428 2203 tribuc-

337 2251 427 2317 rent3
455 2244 601 2325 prolecto
623 2244 651 2304 si
671 2262 733 2304 non
755 2244 795 2304 dc
817 2247 901 2306 omni
918 2243 1096 2306 sublimiori
1116 2244 1244 2304 scientia
1267 2251 1299 2305 et
1320 2246 1427 2325 cogni-

337 2349 442 2422 tione,
475 2354 564 2409 certe
592 2347 633 2409 de
654 2347 721 2408 eius
744 2347 847 2426 copia·
862 2356 895 2409 et
916 2347 1067 2410 varietate
1087 2356 1189 2409 actum
1212 2354 1291 2409 erat.
1336 2351 1427 2426 Quod

338 2449 464 2530 quidem
491 2458 641 2530 quantum
668 2450 799 2511 luberet
826 2452 1032 2526 incommodi,
1058 2452 1207 2513 Euclides
1234 2451 1352 2513 sentiro
1374 2454 1428 2517 rie.-

337 2555 409 2618 buit
437 2573 516 2615 noua
545 2552 681 2613 omnium
703 2554 849 2630 maxime,
877 2556 994 2635 qnippe
1016 2556 1068 2635 qui
1081 2553 1219 2629 Socratis
1233 2553 1429 2617 institutione

336 2678 374 2719 ac
401 2657 562 2736 discipline
597 2656 638 2717 sd
673 2659 915 2736 cognoscendam
951 2659 1231 2739 explorandamque
1265 2660 1428 2721 notionum

337 2763 518 2823 uarietatem
542 2758 734 2820 assuefactus
763 2767 838 2823 eret.
881 2762 973 2822 Hunc
1000 2761 1081 2820 enirn
1104 2768 1226 2821 constat
1252 2781 1270 2822 n
1297 2762 1427 2842 singuiis

337 2883 468 2942 seroper
503 2863 592 2923 rebus
623 2862 795 2941 capientem
817 2863 993 2925 disserendi
1020 2862 1140 2923 initium
1169 2864 1361 2941 pedetentim
1389 2866 1429 2925 ad

342 2964 541 3044 explicandas
563 2965 749 3027 uniuersales
775 2966 886 3026 meotis
909 2963 1217 3025 humanaeuotiones
1231 2984 1429 3044 progressum

342 3086 417 3130 esse
438 3085 533 3147 eaque
552 3071 675 3130 ratione
696 3069 820 3131 notitias
843 3069 874 3129 ln
904 3067 1015 3129 animis
1041 3066 1138 3127 veluti
1160 3067 1355 3147 consignatas
1378 3087 1429 3128 cx·

339 3172 513 3253 plicariase.
564 3173 683 3251 Quibus
713 3192 806 3251 quum
834 3172 866 3233 in
895 3172 990 3232 rebrrs
1012 3171 1103 3233 nobis
1124 3172 1329 3233 circumiectis
1352 3171 1430 3233 uilnil

339 3278 432 3356 plane
453 3276 658 3354 respondent,
689 3276 840 3356 Megarici
868 3275 975 3354 utique
996 3294 1066 3337 eum
1087 3275 1219 3337 Platone
1242 3281 1429 3349 statuerunt,

339 3399 410 3441 case
446 3380 568 3459 species
598 3399 702 3440 rerum
730 3386 872 3441 aeternas
901 3387 994 3457 atque
1023 3379 1196 3458 simplices,
1229 3399 1309 3458 qnae
1331 3379 1428 3441 menti

338 3503 446 3544 rerum
475 3501 591 3562 genera
620 3482 753 3543 intuenti
788 3482 875 3561 qrrnsi
908 3479 1155 3544 obversarentur.
1206 3482 1357 3542 Nimirum
1386 3482 1429 3542 ite

339 3585 543 3648 nihilominus
572 3586 672 3646 Unum
699 3587 776 3647 illud
805 3605 895 3647 snum
927 3586 1124 3659 obtinebant,
1160 3606 1252 3665 qurum
1287 3586 1429 3666 singulae

339 3691 463 3771 species
494 3698 527 3749 ct
553 3689 586 3750 iu
612 3710 647 3750 sc
674 3696 837 3750 tuerentur
864 3708 951 3749 stram
979 3689 1129 3750 unitatem
1161 3695 1195 3748 et
1222 3708 1360 3750 summac
1383 3687 1429 3749 illi
1549 3652 1557 3673 Ι

340 3799 453 3859 unitati
476 3800 585 3857 esseut.
601 3795 768 3855 subiectae.
819 3793 927 3871 Neque
946 3799 1049 3855 tannen
1069 3811 1122 3852 eos
1139 3792 1366 3853 volebantesse
1380 3791 1429 3849 rel

339 3904 423 3963 inter
444 3901 530 3981 ipsas
555 3899 604 3959 vel
624 3916 694 3958 curn
714 3899 897 3977 corporibus
916 3897 1093 3965 ullomodo
1113 3896 1307 3969 coniunctos,
1330 3895 1430 3954 itaut

340 4007 419 4067 lraec
431 4026 469 4066 cx
481 4007 519 4067 iis
533 4001 722 4082 penderent,
746 4021 825 4080 qrrac
840 4002 979 4064 Platonis
992 4002 1054 4063 luit
1075 4000 1244 4070 sententia3
1266 3998 1321 4058 sed
1337 3997 1429 4057 Elea-

340 4110 473 4169 ticorunr
495 4106 626 4185 amplexi
650 4104 794 4178 decreta,
818 4107 871 4183 qui
883 4107 966 4166 inter
980 4102 1143 4167 essentiam
1164 4109 1256 4181 atquc
1269 4098 1429 4159 materiem

339 4220 497 4271 terrenam
511 4228 654 4289 maguum
669 4211 824 4287 quoddam
836 4211 1013 4274 statuebant
1027 4207 1200 4280 discidium,
1224 4224 1286 4277 eas,
1309 4201 1430 4263 sublata

340 4313 425 4376 omni
447 4314 586 4392 ipsarum
608 4312 774 4389 relatione,
797 4334 854 4394 per
876 4334 911 4376 se
934 4333 1004 4376 esse
1024 4313 1197 4392 ponebant,
1220 4309 1265 4369 ita
1286 4314 1320 4365 ut
1340 4323 1429 4382 pror-

340 4438 394 4479 aus
424 4424 531 4477 essent
560 4416 767 4477 immutalrilcs
796 4436 854 4478 nec
884 4417 975 4478 ullius
998 4436 1067 4476 curn
1089 4415 1183 4474 rebus
1206 4405 1429 4470 communionis

340 4521 519 4602 participes.
565 4517 720 4581 Videlicet
741 4522 876 4600 alioquin
898 4521 938 4582 iis
960 4520 1043 4580 haud
1067 4517 1162 4578 dubie
1178 4511 1344 4571 rercrrdum
1357 4507 1429 4575 iuit,

341 4646 384 4688 ne
414 4625 555 4705 ipsorum
582 4624 696 4687 rationi
724 4625 896 4699 accideret,
925 4623 1009 4703 qnod
1031 4617 1153 4683 Platoni
1176 4613 1377 4687 obiiciebant,
1396 4617 1430 4670 nt
