3775 5442
553 1352 797 1465 nlnnn
842 1352 1246 1473 nunnius.-

395 1580 557 1690 Agitur
580 1582 636 1667 de
660 1597 840 1670 externo
855 1583 1129 1670 Parmenion
1152 1584 1292 1674 forma
1317 1553 1370 1671 oo
1420 1622 1424 1627 ·

805 1743 961 1831 spone.

712 2100 962 2178 Seetio
1013 2106 1046 2179 1.

383 2276 699 2349 Detonpore,
740 2296 827 2353 quo
868 2279 996 2339 liber
1028 2281 1249 2355 scriptus
1296 2294 1378 2340 est.

337 2440 452 2575 Quae
473 2496 621 2559 boetem
643 2495 685 2556 de
705 2495 898 2561 Parmenidis
920 2508 1103 2580 srgnmento
1123 2505 1156 2562 et
1173 2500 1336 2580 proposito
1358 2500 1423 2565 oto

337 2600 529 2681 putavimus,
553 2619 590 2662 es
608 2617 681 2660 vers
703 2617 773 2662 esse
796 2602 911 2663 osrtius
934 2602 1027 2663 etiem
1048 2620 1209 2682 speremus
1230 2604 1424 2666 intelieotutn

336 2703 398 2779 iri,
414 2704 480 2777 ubi
507 2702 547 2763 de
575 2703 699 2765 scenico
726 2703 879 2765 sermonis
907 2712 1073 2784 opporotu‚
1102 2705 1142 2767 de
1164 2706 1322 2784 personis,
1345 2723 1425 2784 quse

336 2807 554 2886 colloquentes
590 2806 847 2879 introducuntur,
880 2805 922 2867 de
954 2804 1128 2866 disserendi
1153 2807 1276 2867 rstione
1302 2809 1335 2869 in
1361 2806 1425 2875 lios

337 2910 427 2971 libro
447 2928 573 2989 prorsus
595 2910 754 2990 singulari,
777 2907 910 2989 deniquo
925 2908 966 2970 de
982 2914 1109 2970 extens
1130 2908 1307 2987 scriptionis
1320 2910 1426 2990 speeie

338 3018 376 3073 et
389 3012 501 3089 forms,
524 3014 680 3094 copiosius
701 3011 798 3074 fuerit
819 3011 1003 3093 expositum.
1047 3013 1134 3091 Quse
1155 3011 1258 3073 omnis
1278 3013 1426 3092 quemd-

337 3116 467 3179 modum
490 3136 527 3178 ex
548 3117 617 3196 ipso
641 3116 746 3196 operis
768 3123 952 3198 argumento
983 3116 1121 3178 emendo
1148 3121 1242 3196 etque
1262 3115 1426 3182 iudiosnds

336 3228 422 3295 sunt,
454 3221 498 3282 its
519 3220 653 3282 vicissim
673 3220 721 3281 itii
741 3221 882 3283 nonnihil
907 3220 987 3282 ineis
1008 3221 1140 3284 sileturs
1161 3236 1232 3282 esse
1253 3239 1424 3300 speremus.
1518 3232 1532 3243 ”

425 3323 578 3402 quonism
614 3331 718 3385 nutem
751 3330 819 3385 tots
851 3324 930 3385 haee
957 3323 1126 3404 disputetio
1152 3322 1283 3385 nonime
1318 3345 1356 3387 er
1371 3343 1423 3390 :os

337 3442 490 3505 suspense
519 3433 583 3500 est,
613 3432 648 3487 nt
677 3426 872 3507 explorstum
904 3425 1089 3500 habeamus,
1123 3443 1253 3504 qusnsm
1273 3428 1424 3508 temporis

339 3530 574 3608 opportunitate
595 3529 802 3609 philosophus
824 3529 959 3589 animum
983 3528 1021 3589 ed
1044 3529 1126 3590 huno
1145 3528 1260 3590 librum
1282 3530 1421 3594 seriben-

337 3630 414 3692 dum
436 3632 630 3713 applicuerit,
653 3632 863 3712 quserendum
885 3637 958 3693 onte
981 3631 1084 3693 omnio
1105 3637 1164 3704 est,
1187 3630 1308 3710 quondo
1325 3631 1424 3697 literis

338 3735 538 3816 oonsignstus
566 3754 637 3797 esse
669 3735 816 3797 videntur.
893 3733 1002 3814 Neque
1034 3735 1117 3796 enim
1146 3732 1427 3797 Senotermaetere

338 3837 454 3901 iudioto
481 3839 555 3901 lieet
583 3838 776 3916 sequisoere,
808 3837 863 3918 qui
889 3856 961 3899 eunt
990 3858 1008 3899 s
1035 3838 1146 3900 iurene
1167 3836 1299 3899 Plutone
1319 3837 1427 3916 pontio

338 3948 413 4003 snte
434 3942 572 4004 Soorstis
594 3943 713 4003 obitum
739 3941 788 4003 rel
818 3959 880 4002 non
902 3941 946 4002 its
967 3943 1065 4004 mttlto
1088 3946 1160 4021 post
1181 3939 1333 4019 seriptum
1354 3958 1427 4004 osse

336 4045 449 4105 ststutt
464 4044 605 4125 adeoque
619 4044 727 4106 hsbust
743 4063 802 4125 pro
825 4063 922 4126 opere
942 4062 1043 4124 psene
1064 4044 1135 4105 rudi
1156 4049 1189 4104 et
1209 4045 1426 4109 tontummodo

334 4148 484 4211 hehooto
498 4146 539 4232 *).
585 4149 677 4228 Quod
696 4148 843 4210 iudicium
865 4151 1011 4228 quonism
1033 4147 1132 4222 rirurp
1154 4146 1313 4226 egregium
1334 4166 1427 4228 urgu-

333 4254 443 4312 mento
465 4252 538 4313 libri
562 4252 744 4332 diligentius
766 4269 922 4332 perpenso
944 4252 1139 4313 obiecturum
1160 4248 1427 4331 fuisseputsmus,

333 4355 491 4417 nolumus·
510 4355 572 4416 hoo
600 4357 673 4420 looo
700 4354 883 4431 ostendero,
920 4374 1011 4436 quem
1037 4355 1117 4418 fflou
1144 4351 1287 4417 futilibus
1308 4353 1428 4416 nitetur

404 4576 431 4638 ⁸)
450 4571 520 4643 Opp.
542 4573 645 4626 Piston.
666 4573 696 4624 T.
715 4574 737 4625 l.
774 4574 836 4627 vot.
856 4574 889 4624 ΙΙ.
909 4591 936 4643 p.
955 4571 1002 4624 89.
1022 4576 1064 4628 sd.
1084 4576 1191 4627 mund.

1177 4663 1216 4724 19
