3775 5442
436 635 458 696 8
768 631 854 689 Liber
874 632 994 708 primus.
1036 628 1135 689 Sestio
1158 628 1181 693 Ι.

439 802 755 882 atquePannenidam
767 800 916 864 habitum.
959 801 1169 882 liuiusigitur
1189 799 1340 862 sermonis
1352 817 1514 880 argumen-

438 890 582 967 tum'eos
604 908 804 968 veliementer
826 925 939 985 cupere
960 907 1069 966 andire
1090 908 1293 983 accurateque
1317 921 1515 982 cognoscere.

438 1007 620 1092 Aiiirmasse
646 1009 844 1070 Adimantum
872 1015 905 1069 et
933 1009 1139 1081 Glauconem,
1167 1007 1274 1087 ntique
1295 1006 1516 1088 Antiphontem

437 1111 666 1171 adolescentem
687 1111 771 1174 illius
787 1111 1004 1192 disputationis
1019 1117 1200 1191 argumento
1218 1111 1383 1190 plurimum
1402 1127 1516 1189 operae

437 1214 643 1292 impendisse3
679 1234 760 1277 nunc
779 1222 883 1276 tamen
904 1215 1080 1289 homiuem,
1113 1214 1228 1296 qnippe
1255 1213 1454 1275 delicatulum
1483 1217 1516 1271 et

438 1317 578 1378 deditum
607 1318 832 1397 volaapntibus,
860 1317 921 1378 alia
948 1317 1050 1380 omnia
1077 1334 1178 1396 agere.
1226 1317 1431 1379 Nihilominus
1460 1333 1516 1375 eoa

439 1441 499 1481 urta
520 1440 590 1482 cum
612 1421 687 1500 ipsis
708 1422 813 1483 statim
836 1422 876 1481 ad
893 1421 982 1481 illnm
997 1418 1188 1499 perrexisse,
1209 1425 1319 1501 utpote
1331 1426 1404 1480 tnnc
1415 1419 1516 1498 ipsum

439 1523 523 1585 domi
545 1530 793 1584 commorantem.
835 1525 879 1585 nt
899 1523 982 1584 huuc
1003 1523 1144 1602 quidem,
1175 1542 1266 1603 quem
1293 1523 1326 1585 in
1352 1521 1400 1584 rei
1423 1539 1517 1600 eque-

438 1625 512 1686 stris
533 1625 638 1705 potius
661 1644 751 1704 quam
772 1627 805 1688 ln
825 1626 1044 1708 philosophiae
1064 1625 1169 1687 studio
1202 1630 1383 1707 occupatam
1405 1623 1517 1703 depre-

366 1788 372 1796 ‚
437 1726 619 1802 henderint,
652 1731 785 1808 primum
825 1731 1016 1791 detrectasse
1048 1729 1195 1808 colloquii
1227 1728 1312 1789 illius
1354 1727 1517 1787 enarrandi

437 1816 629 1903 molestiam
651 1831 765 1894 deinde
785 1840 889 1893 tamen
910 1830 1049 1909 ipsorum
1070 1830 1215 1909 precihus
1237 1831 1436 1892 concessisse.

521 1935 635 1996 Narrat
655 1936 750 2014 igitur
771 1935 943 2013 Cephalus,
979 1932 1202 2012 Antiphontem
1225 1933 1266 1990 de
1287 1950 1429 1993 sermone
1450 1932 1516 2006 illo,

438 2037 524 2098 cuiuis
545 2037 752 2116 cognoscendi
774 2036 943 2116 cupiditate
965 2035 1177 2116 flagraverint,
1194 2032 1271 2113 ipsis
1287 2033 1365 2094 haec
1383 2033 1452 2093 iere
1466 2053 1517 2094 es-

384 2186 387 2197 .
437 2138 589 2220 posuisse.
637 2137 770 2201 Venisse
799 2137 963 2217 aliquando
991 2137 1205 2200 Parmenidem
1231 2156 1267 2197 ac
1294 2138 1449 2197 Zenonem
1477 2136 1518 2198 sti

437 2261 547 2322 magna
573 2242 802 2306 Panathenacaz
835 2259 967 2321 quorum
995 2241 1145 2315 alterum,
1179 2241 1316 2319 quamvls
1343 2240 1404 2300 iam
1431 2259 1518 2301 sexa-

340 2321 345 2337 ·
438 2346 615 2426 generiam,
657 2353 761 2411 nmen
789 2344 988 2425 conspicuum
1020 2342 1119 2407 fuisse
1151 2343 1259 2422 pulcra
1287 2349 1320 2404 et
1345 2343 1519 2404 ueneranda

437 2449 559 2530 specie3
595 2451 727 2511 alterum
754 2450 786 2511 in
814 2447 932 2527 optimo
955 2446 1065 2509 aeuus
1094 2445 1175 2509 dore
1194 2444 1293 2508 inisse
1314 2448 1516 2510 constinrtum

440 2558 473 2633 et
494 2571 512 2610 a
533 2552 719 2613 Parmenide
739 2551 879 2612 habitum
901 2549 935 2610 in
956 2549 1084 2612 deliciis.
1126 2548 1192 2612 Eos
1213 2549 1349 2633 hospitio
1372 2557 1516 2630 exceptos

438 2671 508 2716 esse
535 2675 554 2716 s
582 2655 775 2736 Pythodoro.
822 2653 918 2716 cuins
945 2654 993 2714 rel
1014 2652 1097 2714 lanas
1118 2671 1213 2732 quum
1237 2651 1313 2714 alios
1336 2660 1401 2714 tum
1424 2655 1517 2716 etiam

438 2757 598 2822 Socratem
626 2777 697 2820 essa
725 2762 913 2832 commotos,
949 2761 985 2817 ut
1014 2773 1085 2819 sese
1106 2756 1146 2817 ad
1174 2756 1305 2818 eundem
1327 2757 1517 2835 conferrent,

437 2862 552 2943 qnippe
586 2863 701 2924 lihrnm
736 2862 889 2942 quendam
921 2860 1056 2921 Zenonis
1089 2860 1251 2923 audituros
1282 2866 1357 2922 tnnc
1383 2861 1518 2940 primum

436 2963 574 3027 Athenas
597 2967 733 3029 allatum.
775 2965 887 3027 Fuisse
909 2970 1011 3025 autem
1028 2963 1187 3024 Socratem
1205 2982 1243 3024 eo
1261 2969 1403 3044 tempore
1416 2966 1518 3027 adhuc

437 3067 719 3151 adolescentulum,
746 3069 879 3128 necdum
906 3072 974 3125 arte
1004 3064 1177 3125 disserendi
1204 3066 1279 3125 satis
1307 3068 1518 3134 exercitatum.

437 3171 483 3230 Aa
504 3171 659 3229 Zenonem
683 3168 808 3246 quidem
836 3168 938 3246 ipsum
961 3183 1013 3241 ca,
1049 3183 1128 3244 quae
1149 3165 1261 3227 ferisset
1282 3178 1517 3249 commentatus,

437 3271 550 3331 ceteris
578 3269 785 3350 praelegisse3
822 3289 882 3348 qus
915 3267 1097 3329 recitatione
1125 3270 1350 3349 propemodum
1377 3276 1519 3337 absoluta

437 3373 606 3435 accessisse
618 3372 657 3434 ad
671 3373 860 3433 audientium
872 3389 1034 3433 nnmerum
1046 3370 1270 3452 Pythodorum,
1290 3375 1517 3453 Parmeniden,

437 3479 471 3539 et
497 3475 698 3538 Aristotelem
726 3475 878 3556 quendam
906 3474 1008 3536 adhuc
1039 3475 1284 3553 adolescentem,
1317 3484 1428 3560 utpote
1456 3481 1517 3542 iam

437 3586 527 3640 antes
548 3578 623 3639 llbrl
644 3579 754 3640 notitia
766 3577 841 3640 satis
855 3578 1003 3640 imbutos.
1046 3577 1197 3660 Percepts
1213 3575 1309 3661 igitur
1322 3585 1360 3645 ab
1374 3584 1518 3646 omnihus

436 3688 529 3763 atque
549 3682 672 3762 cognita
684 3682 819 3744 Zenonis
833 3683 1043 3762 disputatione
1053 3700 1141 3760 enm,
1163 3703 1255 3764 quem
1269 3686 1378 3748 andire
1391 3687 1517 3764 velient,

436 3801 610 3848 sermonem
633 3803 703 3848 essa
722 3787 899 3849 institutum
915 3787 958 3865 *).

520 3887 623 3967 Atque
655 3889 728 3952 inde
750 3892 788 3951 ab
809 3891 963 3953 hocloco
985 3889 1140 3970 Cephalus
1162 3910 1283 3954 omnem
1305 3894 1390 3957 illam
1412 3894 1517 3976 dispu-

438 3992 604 4066 tationem,
637 3992 724 4055 cuins
752 3994 893 4055 notitiam
915 3994 984 4074 ipse
1004 3994 1203 4075 Antiphonti,
1233 3994 1285 4056 hic
1305 4014 1379 4059 uero
1400 3997 1517 4077 Pytho-

438 4096 517 4158 doro
539 4099 695 4174 acceptam
709 4097 854 4158 retnlisse
866 4104 1025 4174 narratur,
1047 4099 1151 4161 amicis
1173 4099 1237 4161 suis
1257 4119 1295 4160 aa
1314 4099 1517 4164 familiaribus

439 4198 482 4258 its
505 4199 645 4280 exponit,
667 4206 702 4260 ut
723 4199 899 4276 Socratem,
921 4204 1096 4277 Zenonm,
1116 4202 1331 4265 Parmenidem
1348 4210 1382 4264 et
1396 4204 1518 4267 Aristo-

438 4301 534 4363 telem
554 4303 647 4384 ipsos'
658 4302 847 4366 disserentes
860 4304 1001 4379 inducat,
1023 4298 1234 4387 interrogandi
1247 4306 1518 4389 respondendique

439 4404 558 4474 visibus
584 4398 667 4471 inter
694 4423 749 4469 eoa
776 4413 917 4473 accurate
938 4408 1123 4473 distributis.
1166 4410 1264 4490 qnam
1284 4412 1438 4476 rationem
1459 4430 1517 4476 nos

510 4625 531 4687 ⁸)
549 4621 577 4673 Ρ.
597 4622 753 4679 titt-stt.
772 4628 806 4680 l).
824 4626 900 4679 llsr.

279 4773 280 4780 ¹
348 4784 441 4810 Δ
