3775 5442
830 636 1050 719 Prolegomeno.
1466 644 1488 705 5
1503 718 1508 725 .

398 813 435 870 sit
460 807 663 871 balbutientis
686 809 848 875 barbariae
869 811 960 871 vitiis.
1005 811 1069 872 Sed
1083 811 1157 873 boc
1187 811 1311 890 quidem
1332 811 1483 889 quodam-

396 928 490 988 modo
514 927 751 989 condonandum
773 927 868 989 luerit
888 948 994 991 rerum
1019 931 1265 1010 explicandorum
1282 931 1424 1011 gravitati
1445 951 1480 994 ac

394 1047 589 1122 difficultati,
633 1068 722 1127 quam
752 1050 812 1127 ipsi
850 1067 942 1128 saepo
978 1056 1094 1111 tantam
1129 1071 1200 1112 esse
1233 1054 1402 1123 sensimus,
1443 1057 1478 1111 ut

335 1142 337 1223 l
394 1171 496 1231 omnia
514 1166 715 1229 ciceroniana
733 1169 886 1248 elegentia
906 1169 1060 1248 explicere
1081 1173 1258 1233 vellemne
1277 1170 1477 1230 temerarium

393 1290 552 1350 sidesnrrc
579 1288 674 1349 modo
695 1290 777 1350 enim
797 1290 1001 1369 perspicuitas
1023 1293 1170 1354 emtionis
1192 1297 1225 1353 et
1252 1289 1475 1354 sententiarum
1549 1375 1552 1383 .

391 1408 487 1478 adsit,
511 1407 697 1485 elegantiam
719 1408 769 1466 six
791 1409 950 1488 quisquam
971 1411 1003 1471 iu
1024 1411 1079 1472 tali
1097 1411 1265 1490 scriptione
1279 1410 1350 1470 lure
1366 1418 1474 1487 postu-

390 1528 509 1589 leserit.
552 1524 672 1589 Verrun
694 1527 779 1607 quod
801 1530 925 1608 qnidam
945 1527 1025 1588 adeo
1043 1530 1195 1608 ingeniosi
1211 1546 1281 1591 esse
1295 1528 1328 1588 in
1342 1527 1473 1589 Platone
1591 1515 1597 1522 ¹

390 1646 627 1725 interpretendo
649 1649 835 1722 noluerunt,
852 1656 888 1710 nt
910 1649 939 1710 ei
961 1665 1019 1709 suc
1036 1647 1175 1725 ipsorum
1196 1649 1314 1708 somnia
1335 1650 1471 1728 quamvis

389 1767 612 1827 smurnssima
642 1765 791 1847 affingere
817 1786 879 1829 non
909 1768 1104 1840 dubitarent,
1143 1785 1237 1844 quum
1263 1767 1387 1826 iuterim
1412 1769 1471 1845 ipsi

389 1887 549 1951 Platonem
570 1887 697 1946 minime
717 1883 942 1966 intelligerent,
978 1893 1027 1948 est
1052 1887 1114 1947 boc
1141 1905 1217 1947 sane
1239 1887 1408 1959 eiusmodi,
1437 1892 1472 1946 ut

389 2025 449 2067 aon
475 2006 570 2067 modo
601 2004 751 2083 insignem
784 2006 958 2082 levitatem,
991 2026 1097 2068 verum
1132 2009 1225 2067 etiam
1257 2005 1401 2066 stolidum
1434 2022 1470 2064 oc

387 2127 582 2186 tesserarium
609 2127 816 2204 moguntiam
843 2128 1015 2187 certissime
1041 2134 1159 2207 arguat.
1194 2127 1234 2187 li
1260 2145 1319 2204 qua
1347 2131 1382 2185 ut
1409 2143 1466 2186 nor

387 2265 478 2324 quam
507 2247 638 2307 maxime
664 2243 757 2304 alieni
785 2243 884 2307 inisse
910 2247 1085 2321 videamur,
1112 2248 1175 2308 boe
1195 2245 1275 2307 illud
1296 2250 1359 2319 est,
1383 2244 1466 2323 quod

385 2374 528 2445 optamus
551 2364 599 2424 vel
620 2365 766 2439 maxime,
794 2337 948 2446 siquidem
969 2366 1141 2427 litterarum
1164 2366 1274 2427 studiis
1296 2367 1355 2425 ista
1376 2369 1465 2443 peste

385 2485 462 2545 nibil
483 2486 580 2564 magis
601 2484 729 2546 ollieere
751 2487 840 2546 nobis
862 2488 985 2566 penitus
1007 2487 1226 2565 persuasimus.
1270 2485 1340 2544 Erit
1361 2489 1464 2545 autem

385 2607 553 2685 disputatio
582 2608 687 2665 nostn
707 2605 740 2667 in
767 2611 913 2684 quattuor
940 2607 1037 2668 divisa
1057 2613 1172 2686 partes.
1223 2606 1360 2666 Primum
1383 2605 1464 2664 euim

384 2726 481 2786 totins
510 2723 582 2784 libri
608 2732 820 2803 argumentum
847 2732 997 2806 perpetua
1017 2746 1239 2807 persequemur
1260 2726 1463 2799 enarratione,

383 2850 481 2922 atque
501 2843 628 2903 efficere
648 2848 827 2907 conabimur
846 2847 925 2918 lroe,
957 2851 992 2905 ut
1013 2848 1202 2924 singularum
1225 2846 1462 2922 argumentatio-

384 2981 459 3023 num
483 2963 527 3022 vis
550 2968 582 3021 et
603 2965 677 3025 ratio
700 2967 800 3026 omnis
822 2964 1024 3044 intelligatur.
1067 2963 1187 3025 Deinde
1204 2962 1357 3039 copiosius
1372 2977 1463 3037 qnae-

383 3101 487 3143 remus
510 3081 690 3147 desummo
712 3087 809 3147 totius
831 3086 936 3164 operis
958 3086 1021 3146 tine
1043 3091 1075 3147 et
1096 3083 1274 3164 proposito,
1308 3098 1370 3158 quo
1391 3079 1461 3140 loco

383 3203 474 3263 simul
495 3205 641 3265 nonnulla
663 3205 745 3266 baud
768 3208 903 3285 rrtlgrria
926 3207 967 3266 de
987 3206 1144 3267 Platonica
1164 3199 1304 3265 idea'rum
1320 3201 1461 3261 doctrino

383 3328 582 3401 exponentur.
632 3326 712 3387 Tum
741 3326 781 3387 de
809 3331 934 3387 exterus
960 3326 1033 3387 libri
1062 3325 1164 3386 forma
1185 3344 1221 3384 ac
1241 3323 1359 3402 specie,
1381 3341 1460 3399 quae

382 3461 547 3521 nusquam
573 3447 736 3526 singrdaris
758 3452 824 3520 est,
852 3444 1069 3524 explicabitur,
1097 3451 1268 3524 ageturque
1289 3443 1330 3503 de
1350 3460 1458 3521 perso-

381 3565 444 3636 nis,
468 3581 546 3641 quae
560 3566 774 3644 colloquentes
785 3566 988 3638 inducuntur,
1012 3564 1052 3624 de
1068 3573 1177 3625 ornatu
1196 3562 1309 3642 dialogi
1326 3564 1457 3637 scenico,

381 3683 420 3742 de
448 3683 640 3744 disscerendi
667 3684 768 3746 torma
796 3690 828 3744 et
856 3685 977 3745 rationo
1002 3687 1034 3745 in
1057 3703 1094 3745 eo
1117 3684 1296 3761 conspicua,
1320 3682 1359 3741 de
1380 3688 1457 3741 tem-

379 3822 471 3881 pore,
495 3822 556 3881 qno
579 3805 692 3865 librum
713 3806 861 3884 scriptum
882 3823 951 3865 esse
969 3805 1117 3885 suspicari
1130 3806 1238 3875 liceet3
1265 3822 1343 3880 quae
1357 3804 1458 3862 omnia
1488 3796 1490 3800 ’

380 3925 565 4001 peculiarem
587 3923 750 4002 requirunt
772 3924 1011 4004 disputetionem
1032 3896 1215 4003 propterea,
1244 3922 1326 4001 quod
1348 3929 1380 3982 et
1401 3942 1457 4001 per

379 4063 412 4103 se
447 4046 561 4107 multas
594 4044 710 4105 habeut
744 4044 945 4105 difficultates
982 4051 1015 4105 et
1041 4044 1080 4104 ad
1113 4051 1325 4122 argumentum
1359 4043 1456 4103 totins

380 4160 448 4223 libri
470 4167 587 4227 rectius
608 4163 804 4225 iudicandum
832 4161 915 4223 braid
944 4182 1052 4240 parum
1075 4162 1199 4224 lacum.
1244 4161 1301 4222 His
1323 4159 1456 4234 denique

378 4282 584 4363 subiungetur
611 4285 751 4362 quaestio
783 4282 824 4343 de
841 4282 922 4342 libri
951 4284 1128 4361 integritate
1149 4286 1242 4359 atque
1264 4279 1455 4353 urrctoritate,

377 4418 466 4477 qnam
494 4404 697 4465 tractabimus
723 4406 784 4479 lte,
816 4409 852 4464 ut
879 4404 971 4463 simul
998 4422 1144 4465 conemur
1165 4400 1348 4472 ostendere,
1379 4418 1457 4477 quac

375 4519 418 4577 sit
445 4519 639 4584 Parmenidis
668 4543 737 4584 cum
765 4524 833 4585 aliis
861 4523 999 4586 Platonis
1027 4523 1172 4603 operibus
1203 4520 1398 4581 cohaerentia
1425 4527 1457 4581 et

374 4642 597 4718 necessitudo,
619 4648 651 4704 et
675 4644 832 4724 quomodo
853 4644 980 4705 decreta
1001 4647 1033 4705 in
1054 4662 1092 4704 eo
1115 4641 1264 4720 explicata
1285 4661 1354 4703 cum
1376 4643 1477 4703 omni·
