<?xml version="1.0" encoding="UTF-8"?>
<!DOCTYPE html PUBLIC "-//W3C//DTD XHTML 1.0 Transitional//EN"
    "http://www.w3.org/TR/xhtml1/DTD/xhtml1-transitional.dtd">
<html xmlns="http://www.w3.org/1999/xhtml" xml:lang="en" lang="en">
 <head>
  <title>
</title>
<meta http-equiv="Content-Type" content="text/html;charset=utf-8" />
  <meta name='ocr-system' content='tesseract 3.04.00' />
  <meta name='ocr-capabilities' content='ocr_page ocr_carea ocr_par ocr_line ocrx_word'/>
</head>
<body>
  <div class='ocr_page' id='page_1' title='image "./parmenidescumqu00platgoog_0378.png"; bbox 0 0 3775 5442; ppageno 0'>
   <div class='ocr_carea' id='block_1_1' title="bbox 456 660 1205 724">
    <p class='ocr_par' dir='ltr' id='par_1_1' title="bbox 456 660 1205 724">
     <span class='ocr_line' id='line_1_1' title="bbox 456 660 1205 724; baseline -0.004 0"><span class='ocrx_word' id='word_1_1' title='bbox 456 660 521 724; x_wconf 71' lang='lat'><strong>800</strong></span> <span class='ocrx_word' id='word_1_2' title='bbox 788 663 873 724; x_wconf 82' lang='lat' dir='ltr'><strong>Liber</strong></span> <span class='ocrx_word' id='word_1_3' title='bbox 893 668 1006 724; x_wconf 85' lang='lat' dir='ltr'><strong>tertius.</strong></span> <span class='ocrx_word' id='word_1_4' title='bbox 1049 665 1148 724; x_wconf 83' lang='lat' dir='ltr'><strong>Sectis</strong></span> <span class='ocrx_word' id='word_1_5' title='bbox 1172 665 1205 722; x_wconf 92' lang='lat' dir='ltr'><strong>il.</strong></span> 
     </span>
    </p>
   </div>
   <div class='ocr_carea' id='block_1_2' title="bbox 452 835 1602 4736">
    <p class='ocr_par' dir='ltr' id='par_1_2' title="bbox 457 835 1541 1107">
     <span class='ocr_line' id='line_1_2' title="bbox 457 835 1541 917; baseline -0.001 -20"><span class='ocrx_word' id='word_1_6' title='bbox 457 835 544 897; x_wconf 91' lang='lat' dir='ltr'><strong>iilum</strong></span> <span class='ocrx_word' id='word_1_7' title='bbox 572 835 613 897; x_wconf 92' lang='lat' dir='ltr'><strong>de</strong></span> <span class='ocrx_word' id='word_1_8' title='bbox 638 835 773 917; x_wconf 86' lang='lat' dir='ltr'><strong>liepubi.</strong></span> <span class='ocrx_word' id='word_1_9' title='bbox 802 836 866 899; x_wconf 92' lang='lat' dir='ltr'><strong>Vll.</strong></span> <span class='ocrx_word' id='word_1_10' title='bbox 902 857 931 917; x_wconf 92' lang='lat' dir='ltr'><strong>p.</strong></span> <span class='ocrx_word' id='word_1_11' title='bbox 960 835 1033 900; x_wconf 75' lang='lat'><strong>532.</strong></span> <span class='ocrx_word' id='word_1_12' title='bbox 1049 837 1085 896; x_wconf 97' lang='lat' dir='ltr'><strong>A.</strong></span> <span class='ocrx_word' id='word_1_13' title='bbox 1104 855 1169 916; x_wconf 88' lang='lat' dir='ltr'><strong>sqq.</strong></span> <span class='ocrx_word' id='word_1_14' title='bbox 1199 836 1252 895; x_wconf 81' lang='lat' dir='ltr'><strong>rabi</strong></span> <span class='ocrx_word' id='word_1_15' title='bbox 1286 835 1326 895; x_wconf 88' lang='lat' dir='ltr'><strong>dc</strong></span> <span class='ocrx_word' id='word_1_16' title='bbox 1360 835 1541 897; x_wconf 87' lang='lat' dir='ltr'><strong>dialectices</strong></span> 
     </span>
     <span class='ocr_line' id='line_1_3' title="bbox 457 938 1541 1021; baseline -0.001 -22"><span class='ocrx_word' id='word_1_17' title='bbox 457 938 606 1018; x_wconf 73' lang='lat' dir='ltr'><strong>dignitate</strong></span> <span class='ocrx_word' id='word_1_18' title='bbox 643 958 679 1000; x_wconf 92' lang='lat' dir='ltr'><strong>ac</strong></span> <span class='ocrx_word' id='word_1_19' title='bbox 712 940 902 1021; x_wconf 69' lang='lat' dir='ltr'><strong>praestantia</strong></span> <span class='ocrx_word' id='word_1_20' title='bbox 935 940 1037 1002; x_wconf 79' lang='lat' dir='ltr'><strong>divina</strong></span> <span class='ocrx_word' id='word_1_21' title='bbox 1068 939 1219 1000; x_wconf 88' lang='lat' dir='ltr'><strong>orationis</strong></span> <span class='ocrx_word' id='word_1_22' title='bbox 1252 939 1404 1000; x_wconf 79' lang='lat' dir='ltr'><strong>suavitate</strong></span> <span class='ocrx_word' id='word_1_23' title='bbox 1443 939 1541 1019; x_wconf 84' lang='lat' dir='ltr'><strong>expli-</strong></span> 
     </span>
     <span class='ocr_line' id='line_1_4' title="bbox 459 1049 557 1107; baseline 0.031 -3"><span class='ocrx_word' id='word_1_24' title='bbox 459 1049 557 1107; x_wconf 82' lang='lat' dir='ltr'><strong>oatrrr.</strong></span> 
     </span>
    </p>

    <p class='ocr_par' dir='ltr' id='par_1_3' title="bbox 452 1144 1602 4736">
     <span class='ocr_line' id='line_1_5' title="bbox 542 1144 1540 1221; baseline -0.005 -14"><span class='ocrx_word' id='word_1_25' title='bbox 542 1145 606 1207; x_wconf 88' lang='lat' dir='ltr'><strong>Sed</strong></span> <span class='ocrx_word' id='word_1_26' title='bbox 626 1145 708 1208; x_wconf 84' lang='lat' dir='ltr'><strong>baec</strong></span> <span class='ocrx_word' id='word_1_27' title='bbox 727 1146 803 1208; x_wconf 86' lang='lat' dir='ltr'><strong>satis</strong></span> <span class='ocrx_word' id='word_1_28' title='bbox 825 1153 916 1208; x_wconf 90' lang='lat' dir='ltr'><strong>sunto</strong></span> <span class='ocrx_word' id='word_1_29' title='bbox 939 1147 980 1207; x_wconf 91' lang='lat' dir='ltr'><strong>de</strong></span> <span class='ocrx_word' id='word_1_30' title='bbox 1001 1146 1204 1221; x_wconf 87' lang='lat' dir='ltr'><strong>Parmenidis,</strong></span> <span class='ocrx_word' id='word_1_31' title='bbox 1227 1144 1363 1207; x_wconf 88' lang='lat' dir='ltr'><strong>Socratis</strong></span> <span class='ocrx_word' id='word_1_32' title='bbox 1386 1162 1422 1203; x_wconf 89' lang='lat' dir='ltr'><strong>ac</strong></span> <span class='ocrx_word' id='word_1_33' title='bbox 1437 1144 1540 1203; x_wconf 83' lang='lat' dir='ltr'><strong>Zeno-</strong></span> 
     </span>
     <span class='ocr_line' id='line_1_6' title="bbox 455 1248 1540 1331; baseline -0.004 -21"><span class='ocrx_word' id='word_1_34' title='bbox 455 1248 506 1312; x_wconf 87' lang='lat' dir='ltr'><strong>nis</strong></span> <span class='ocrx_word' id='word_1_35' title='bbox 528 1249 680 1331; x_wconf 88' lang='lat' dir='ltr'><strong>personis,</strong></span> <span class='ocrx_word' id='word_1_36' title='bbox 702 1268 777 1328; x_wconf 84' lang='lat' dir='ltr'><strong>quas</strong></span> <span class='ocrx_word' id='word_1_37' title='bbox 799 1249 930 1311; x_wconf 85' lang='lat' dir='ltr'><strong>vidimus</strong></span> <span class='ocrx_word' id='word_1_38' title='bbox 953 1251 983 1309; x_wconf 90' lang='lat' dir='ltr'><strong>in</strong></span> <span class='ocrx_word' id='word_1_39' title='bbox 1006 1249 1066 1310; x_wconf 93' lang='lat' dir='ltr'><strong>hoc</strong></span> <span class='ocrx_word' id='word_1_40' title='bbox 1088 1250 1169 1312; x_wconf 93' lang='lat' dir='ltr'><strong>libro</strong></span> <span class='ocrx_word' id='word_1_41' title='bbox 1191 1249 1234 1308; x_wconf 90' lang='lat' dir='ltr'><strong>ita</strong></span> <span class='ocrx_word' id='word_1_42' title='bbox 1253 1252 1445 1327; x_wconf 90' lang='lat' dir='ltr'><strong>comparatas</strong></span> <span class='ocrx_word' id='word_1_43' title='bbox 1459 1264 1540 1321; x_wconf 81' lang='lat' dir='ltr'><strong>esse,</strong></span> 
     </span>
     <span class='ocr_line' id='line_1_7' title="bbox 456 1352 1541 1433; baseline -0.006 -20"><span class='ocrx_word' id='word_1_44' title='bbox 456 1359 493 1414; x_wconf 90' lang='lat' dir='ltr'><strong>ut</strong></span> <span class='ocrx_word' id='word_1_45' title='bbox 514 1354 616 1416; x_wconf 85' lang='lat' dir='ltr'><strong>omnia</strong></span> <span class='ocrx_word' id='word_1_46' title='bbox 643 1353 683 1414; x_wconf 88' lang='lat' dir='ltr'><strong>sd</strong></span> <span class='ocrx_word' id='word_1_47' title='bbox 709 1370 860 1413; x_wconf 88' lang='lat' dir='ltr'><strong>summum</strong></span> <span class='ocrx_word' id='word_1_48' title='bbox 888 1352 1066 1433; x_wconf 70' lang='lat' dir='ltr'><strong>scriptionis</strong></span> <span class='ocrx_word' id='word_1_49' title='bbox 1088 1352 1181 1413; x_wconf 89' lang='lat' dir='ltr'><strong>linem</strong></span> <span class='ocrx_word' id='word_1_50' title='bbox 1204 1352 1364 1432; x_wconf 89' lang='lat' dir='ltr'><strong>praeclare</strong></span> <span class='ocrx_word' id='word_1_51' title='bbox 1387 1354 1541 1429; x_wconf 88' lang='lat' dir='ltr'><strong>attempe-</strong></span> 
     </span>
     <span class='ocr_line' id='line_1_8' title="bbox 457 1452 1541 1536; baseline -0.006 -18"><span class='ocrx_word' id='word_1_52' title='bbox 457 1461 526 1518; x_wconf 79' lang='lat' dir='ltr'><strong>rata</strong></span> <span class='ocrx_word' id='word_1_53' title='bbox 547 1455 618 1519; x_wconf 91' lang='lat' dir='ltr'><strong>sint.</strong></span> <span class='ocrx_word' id='word_1_54' title='bbox 662 1455 819 1536; x_wconf 89' lang='lat' dir='ltr'><strong>Sequitur,</strong></span> <span class='ocrx_word' id='word_1_55' title='bbox 848 1459 883 1515; x_wconf 92' lang='lat' dir='ltr'><strong>ut</strong></span> <span class='ocrx_word' id='word_1_56' title='bbox 904 1455 945 1514; x_wconf 92' lang='lat' dir='ltr'><strong>de</strong></span> <span class='ocrx_word' id='word_1_57' title='bbox 966 1456 1086 1534; x_wconf 87' lang='lat' dir='ltr'><strong>reliquo</strong></span> <span class='ocrx_word' id='word_1_58' title='bbox 1109 1455 1262 1516; x_wconf 86' lang='lat' dir='ltr'><strong>sermonis</strong></span> <span class='ocrx_word' id='word_1_59' title='bbox 1285 1461 1396 1514; x_wconf 83' lang='lat' dir='ltr'><strong>ornatu</strong></span> <span class='ocrx_word' id='word_1_60' title='bbox 1419 1452 1541 1513; x_wconf 84' lang='lat' dir='ltr'><strong>drama-</strong></span> 
     </span>
     <span class='ocr_line' id='line_1_9' title="bbox 455 1542 1540 1639; baseline -0.002 -21"><span class='ocrx_word' id='word_1_61' title='bbox 455 1556 520 1618; x_wconf 86' lang='lat' dir='ltr'><strong>tico</strong></span> <span class='ocrx_word' id='word_1_62' title='bbox 543 1557 707 1620; x_wconf 88' lang='lat' dir='ltr'><strong>dicendum</strong></span> <span class='ocrx_word' id='word_1_63' title='bbox 729 1558 780 1621; x_wconf 88' lang='lat' dir='ltr'><strong>sit.</strong></span> <span class='ocrx_word' id='word_1_64' title='bbox 804 1559 927 1639; x_wconf 90' lang='lat' dir='ltr'><strong>Quippe</strong></span> <span class='ocrx_word' id='word_1_65' title='bbox 949 1559 1051 1619; x_wconf 88' lang='lat' dir='ltr'><strong>omnis</strong></span> <span class='ocrx_word' id='word_1_66' title='bbox 1072 1564 1145 1620; x_wconf 81' lang='lat' dir='ltr'><strong>srrnt</strong></span> <span class='ocrx_word' id='word_1_67' title='bbox 1167 1542 1322 1630; x_wconf 86' lang='lat' dir='ltr'><strong>tenianda,</strong></span> <span class='ocrx_word' id='word_1_68' title='bbox 1346 1562 1381 1617; x_wconf 92' lang='lat' dir='ltr'><strong>ut</strong></span> <span class='ocrx_word' id='word_1_69' title='bbox 1402 1575 1442 1616; x_wconf 91' lang='lat' dir='ltr'><strong>ue</strong></span> <span class='ocrx_word' id='word_1_70' title='bbox 1465 1555 1540 1634; x_wconf 92' lang='lat' dir='ltr'><strong>quid</strong></span> 
     </span>
     <span class='ocr_line' id='line_1_10' title="bbox 457 1658 1541 1743; baseline -0.001 -22"><span class='ocrx_word' id='word_1_71' title='bbox 457 1660 557 1722; x_wconf 83' lang='lat' dir='ltr'><strong>maiae</strong></span> <span class='ocrx_word' id='word_1_72' title='bbox 578 1661 762 1742; x_wconf 70' lang='lat' dir='ltr'><strong>suspicionis</strong></span> <span class='ocrx_word' id='word_1_73' title='bbox 784 1662 823 1722; x_wconf 87' lang='lat' dir='ltr'><strong>de</strong></span> <span class='ocrx_word' id='word_1_74' title='bbox 845 1662 966 1726; x_wconf 87' lang='lat' dir='ltr'><strong>exordii</strong></span> <span class='ocrx_word' id='word_1_75' title='bbox 988 1663 1140 1743; x_wconf 73' lang='lat' dir='ltr'><strong>elegantia</strong></span> <span class='ocrx_word' id='word_1_76' title='bbox 1162 1661 1363 1741; x_wconf 80' lang='lat' dir='ltr'><strong>relinquatur.</strong></span> <span class='ocrx_word' id='word_1_77' title='bbox 1393 1658 1541 1738; x_wconf 89' lang='lat' dir='ltr'><strong>Alioquin</strong></span> 
     </span>
     <span class='ocr_line' id='line_1_11' title="bbox 457 1761 1539 1838; baseline -0.001 -13"><span class='ocrx_word' id='word_1_78' title='bbox 457 1763 577 1825; x_wconf 76' lang='lat' dir='ltr'><strong>seilicet</strong></span> <span class='ocrx_word' id='word_1_79' title='bbox 603 1764 769 1824; x_wconf 84' lang='lat' dir='ltr'><strong>verendum</strong></span> <span class='ocrx_word' id='word_1_80' title='bbox 796 1765 874 1838; x_wconf 89' lang='lat' dir='ltr'><strong>erit,</strong></span> <span class='ocrx_word' id='word_1_81' title='bbox 903 1784 943 1825; x_wconf 90' lang='lat' dir='ltr'><strong>ne</strong></span> <span class='ocrx_word' id='word_1_82' title='bbox 972 1766 1094 1827; x_wconf 90' lang='lat' dir='ltr'><strong>Platoni</strong></span> <span class='ocrx_word' id='word_1_83' title='bbox 1123 1765 1205 1825; x_wconf 91' lang='lat' dir='ltr'><strong>hunc</strong></span> <span class='ocrx_word' id='word_1_84' title='bbox 1234 1763 1345 1823; x_wconf 90' lang='lat' dir='ltr'><strong>librum</strong></span> <span class='ocrx_word' id='word_1_85' title='bbox 1373 1761 1539 1824; x_wconf 91' lang='lat' dir='ltr'><strong>temerario</strong></span> 
     </span>
     <span class='ocr_line' id='line_1_12' title="bbox 457 1866 1596 1954; baseline -0.002 -26"><span class='ocrx_word' id='word_1_86' title='bbox 457 1866 588 1928; x_wconf 84' lang='lat' dir='ltr'><strong>consilio</strong></span> <span class='ocrx_word' id='word_1_87' title='bbox 617 1866 764 1928; x_wconf 72' lang='lat' dir='ltr'><strong>tribuisse</strong></span> <span class='ocrx_word' id='word_1_88' title='bbox 790 1866 959 1927; x_wconf 86' lang='lat' dir='ltr'><strong>videamur.</strong></span> <span class='ocrx_word' id='word_1_89' title='bbox 1015 1866 1282 1947; x_wconf 83' lang='lat' dir='ltr'><strong>Quemadmodum</strong></span> <span class='ocrx_word' id='word_1_90' title='bbox 1316 1884 1390 1926; x_wconf 85' lang='lat' dir='ltr'><strong>vero</strong></span> <span class='ocrx_word' id='word_1_91' title='bbox 1417 1884 1469 1939; x_wconf 83' lang='lat' dir='ltr'><strong>ea,</strong></span> <span class='ocrx_word' id='word_1_92' title='bbox 1499 1866 1541 1926; x_wconf 90' lang='lat' dir='ltr'><strong>de</strong></span> <span class='ocrx_word' id='word_1_93' title='bbox 1593 1948 1596 1954; x_wconf 26' lang='grc' dir='ltr'>Ι</span> 
     </span>
     <span class='ocr_line' id='line_1_13' title="bbox 458 1969 1602 2055; baseline 0 -25"><span class='ocrx_word' id='word_1_94' title='bbox 458 1971 570 2051; x_wconf 90' lang='lat' dir='ltr'><strong>quibus</strong></span> <span class='ocrx_word' id='word_1_95' title='bbox 607 1970 708 2031; x_wconf 82' lang='lat' dir='ltr'><strong>adiuro</strong></span> <span class='ocrx_word' id='word_1_96' title='bbox 735 1971 950 2049; x_wconf 80' lang='lat' dir='ltr'><strong>exposuimus,</strong></span> <span class='ocrx_word' id='word_1_97' title='bbox 987 1989 1045 2051; x_wconf 89' lang='lat' dir='ltr'><strong>pro</strong></span> <span class='ocrx_word' id='word_1_98' title='bbox 1073 1973 1169 2032; x_wconf 83' lang='lat' dir='ltr'><strong>totius</strong></span> <span class='ocrx_word' id='word_1_99' title='bbox 1198 1970 1374 2052; x_wconf 78' lang='lat' dir='ltr'><strong>scriptionis</strong></span> <span class='ocrx_word' id='word_1_100' title='bbox 1407 1969 1540 2030; x_wconf 90' lang='lat' dir='ltr'><strong>consilio</strong></span> <span class='ocrx_word' id='word_1_101' title='bbox 1596 2047 1602 2055; x_wconf 25' lang='grc' dir='ltr'>ι</span> 
     </span>
     <span class='ocr_line' id='line_1_14' title="bbox 455 2064 1540 2155; baseline 0.001 -21"><span class='ocrx_word' id='word_1_102' title='bbox 455 2064 583 2155; x_wconf 69' lang='lat' dir='ltr'><strong>egregie</strong></span> <span class='ocrx_word' id='word_1_103' title='bbox 604 2073 736 2134; x_wconf 84' lang='lat' dir='ltr'><strong>vidimus</strong></span> <span class='ocrx_word' id='word_1_104' title='bbox 756 2072 899 2135; x_wconf 89' lang='lat' dir='ltr'><strong>instituta</strong></span> <span class='ocrx_word' id='word_1_105' title='bbox 920 2089 1001 2147; x_wconf 86' lang='lat' dir='ltr'><strong>esse,</strong></span> <span class='ocrx_word' id='word_1_106' title='bbox 1029 2076 1073 2136; x_wconf 92' lang='lat' dir='ltr'><strong>ita</strong></span> <span class='ocrx_word' id='word_1_107' title='bbox 1095 2073 1187 2134; x_wconf 89' lang='lat' dir='ltr'><strong>ctiam</strong></span> <span class='ocrx_word' id='word_1_108' title='bbox 1210 2074 1285 2149; x_wconf 89' lang='lat' dir='ltr'><strong>alia,</strong></span> <span class='ocrx_word' id='word_1_109' title='bbox 1309 2092 1389 2152; x_wconf 91' lang='lat' dir='ltr'><strong>quae</strong></span> <span class='ocrx_word' id='word_1_110' title='bbox 1411 2074 1450 2136; x_wconf 89' lang='lat' dir='ltr'><strong>ad</strong></span> <span class='ocrx_word' id='word_1_111' title='bbox 1472 2091 1540 2135; x_wconf 87' lang='lat' dir='ltr'><strong>sce-</strong></span> 
     </span>
     <span class='ocr_line' id='line_1_15' title="bbox 459 2175 1541 2259; baseline 0 -23"><span class='ocrx_word' id='word_1_112' title='bbox 459 2175 562 2236; x_wconf 89' lang='lat' dir='ltr'><strong>nicum</strong></span> <span class='ocrx_word' id='word_1_113' title='bbox 584 2180 762 2255; x_wconf 85' lang='lat' dir='ltr'><strong>apparatum</strong></span> <span class='ocrx_word' id='word_1_114' title='bbox 786 2177 955 2257; x_wconf 83' lang='lat' dir='ltr'><strong>pertinent,</strong></span> <span class='ocrx_word' id='word_1_115' title='bbox 977 2179 1020 2238; x_wconf 91' lang='lat' dir='ltr'><strong>ita</strong></span> <span class='ocrx_word' id='word_1_116' title='bbox 1042 2178 1191 2239; x_wconf 89' lang='lat' dir='ltr'><strong>adornata</strong></span> <span class='ocrx_word' id='word_1_117' title='bbox 1213 2196 1283 2237; x_wconf 87' lang='lat' dir='ltr'><strong>esse</strong></span> <span class='ocrx_word' id='word_1_118' title='bbox 1300 2177 1390 2237; x_wconf 88' lang='lat' dir='ltr'><strong>nobis</strong></span> <span class='ocrx_word' id='word_1_119' title='bbox 1411 2194 1541 2259; x_wconf 84' lang='lat' dir='ltr'><strong>persna-</strong></span> 
     </span>
     <span class='ocr_line' id='line_1_16' title="bbox 456 2278 1539 2360; baseline 0.001 -21"><span class='ocrx_word' id='word_1_120' title='bbox 456 2278 571 2355; x_wconf 74' lang='lat' dir='ltr'><strong>sirnus,</strong></span> <span class='ocrx_word' id='word_1_121' title='bbox 601 2287 636 2341; x_wconf 91' lang='lat' dir='ltr'><strong>ut</strong></span> <span class='ocrx_word' id='word_1_122' title='bbox 662 2279 746 2340; x_wconf 90' lang='lat' dir='ltr'><strong>uuila</strong></span> <span class='ocrx_word' id='word_1_123' title='bbox 767 2279 799 2340; x_wconf 95' lang='lat' dir='ltr'><strong>in</strong></span> <span class='ocrx_word' id='word_1_124' title='bbox 822 2288 910 2358; x_wconf 87' lang='lat' dir='ltr'><strong>parte</strong></span> <span class='ocrx_word' id='word_1_125' title='bbox 933 2281 1084 2342; x_wconf 82' lang='lat' dir='ltr'><strong>Platonici</strong></span> <span class='ocrx_word' id='word_1_126' title='bbox 1113 2281 1229 2360; x_wconf 84' lang='lat' dir='ltr'><strong>ingenii</strong></span> <span class='ocrx_word' id='word_1_127' title='bbox 1251 2280 1392 2341; x_wconf 84' lang='lat' dir='ltr'><strong>sollertia</strong></span> <span class='ocrx_word' id='word_1_128' title='bbox 1414 2280 1539 2342; x_wconf 81' lang='lat' dir='ltr'><strong>deside·</strong></span> 
     </span>
     <span class='ocr_line' id='line_1_17' title="bbox 456 2379 1541 2463; baseline 0 -20"><span class='ocrx_word' id='word_1_129' title='bbox 456 2387 554 2448; x_wconf 82' lang='lat' dir='ltr'><strong>reim.</strong></span> <span class='ocrx_word' id='word_1_130' title='bbox 599 2383 752 2463; x_wconf 78' lang='lat' dir='ltr'><strong>Quorsum</strong></span> <span class='ocrx_word' id='word_1_131' title='bbox 777 2384 913 2463; x_wconf 86' lang='lat' dir='ltr'><strong>pertinet</strong></span> <span class='ocrx_word' id='word_1_132' title='bbox 934 2383 1029 2456; x_wconf 89' lang='lat' dir='ltr'><strong>iliud,</strong></span> <span class='ocrx_word' id='word_1_133' title='bbox 1058 2383 1141 2462; x_wconf 93' lang='lat' dir='ltr'><strong>quod</strong></span> <span class='ocrx_word' id='word_1_134' title='bbox 1164 2384 1261 2457; x_wconf 85' lang='lat' dir='ltr'><strong>Zeno,</strong></span> <span class='ocrx_word' id='word_1_135' title='bbox 1283 2379 1485 2443; x_wconf 84' lang='lat' dir='ltr'><strong>Parmenides</strong></span> <span class='ocrx_word' id='word_1_136' title='bbox 1507 2389 1541 2443; x_wconf 86' lang='lat' dir='ltr'><strong>et</strong></span> 
     </span>
     <span class='ocr_line' id='line_1_18' title="bbox 457 2466 1540 2567; baseline 0.001 -20"><span class='ocrx_word' id='word_1_137' title='bbox 457 2484 644 2548; x_wconf 83' lang='lat' dir='ltr'><strong>Aristoteles</strong></span> <span class='ocrx_word' id='word_1_138' title='bbox 670 2486 714 2547; x_wconf 88' lang='lat' dir='ltr'><strong>its</strong></span> <span class='ocrx_word' id='word_1_139' title='bbox 740 2466 1176 2567; x_wconf 59' lang='lat' dir='ltr'><strong>loquentes&#39;iutrodocuniur,</strong></span> <span class='ocrx_word' id='word_1_140' title='bbox 1199 2494 1234 2548; x_wconf 94' lang='lat' dir='ltr'><strong>ut</strong></span> <span class='ocrx_word' id='word_1_141' title='bbox 1256 2493 1324 2548; x_wconf 89' lang='lat' dir='ltr'><strong>tota</strong></span> <span class='ocrx_word' id='word_1_142' title='bbox 1345 2495 1452 2546; x_wconf 88' lang='lat' dir='ltr'><strong>eorum</strong></span> <span class='ocrx_word' id='word_1_143' title='bbox 1475 2486 1540 2548; x_wconf 90' lang='lat' dir='ltr'><strong>dis-</strong></span> 
     </span>
     <span class='ocr_line' id='line_1_19' title="bbox 456 2586 1539 2671; baseline 0 -21"><span class='ocrx_word' id='word_1_144' title='bbox 456 2591 577 2670; x_wconf 86' lang='lat' dir='ltr'><strong>putatio</strong></span> <span class='ocrx_word' id='word_1_145' title='bbox 604 2591 736 2671; x_wconf 91' lang='lat' dir='ltr'><strong>primum</strong></span> <span class='ocrx_word' id='word_1_146' title='bbox 764 2609 782 2651; x_wconf 91' lang='lat' dir='ltr'><strong>a</strong></span> <span class='ocrx_word' id='word_1_147' title='bbox 808 2586 992 2669; x_wconf 79' lang='lat' dir='ltr'><strong>Pythodoro</strong></span> <span class='ocrx_word' id='word_1_148' title='bbox 1020 2606 1077 2669; x_wconf 90' lang='lat' dir='ltr'><strong>per</strong></span> <span class='ocrx_word' id='word_1_149' title='bbox 1098 2588 1322 2670; x_wconf 88' lang='lat' dir='ltr'><strong>Antiphontem</strong></span> <span class='ocrx_word' id='word_1_150' title='bbox 1348 2595 1474 2669; x_wconf 88' lang='lat' dir='ltr'><strong>accepta</strong></span> <span class='ocrx_word' id='word_1_151' title='bbox 1503 2609 1539 2650; x_wconf 90' lang='lat' dir='ltr'><strong>ac</strong></span> 
     </span>
     <span class='ocr_line' id='line_1_20' title="bbox 455 2692 1537 2774; baseline -0.001 -20"><span class='ocrx_word' id='word_1_152' title='bbox 455 2692 571 2755; x_wconf 88' lang='lat' dir='ltr'><strong>deinde</strong></span> <span class='ocrx_word' id='word_1_153' title='bbox 605 2710 624 2754; x_wconf 84' lang='lat' dir='ltr'><strong>a</strong></span> <span class='ocrx_word' id='word_1_154' title='bbox 653 2692 790 2774; x_wconf 77' lang='lat' dir='ltr'><strong>Cephalo</strong></span> <span class='ocrx_word' id='word_1_155' title='bbox 826 2709 895 2752; x_wconf 88' lang='lat' dir='ltr'><strong>cum</strong></span> <span class='ocrx_word' id='word_1_156' title='bbox 929 2692 997 2754; x_wconf 89' lang='lat' dir='ltr'><strong>aliis</strong></span> <span class='ocrx_word' id='word_1_157' title='bbox 1031 2693 1253 2753; x_wconf 86' lang='lat' dir='ltr'><strong>communicata</strong></span> <span class='ocrx_word' id='word_1_158' title='bbox 1286 2711 1356 2754; x_wconf 87' lang='lat' dir='ltr'><strong>esse</strong></span> <span class='ocrx_word' id='word_1_159' title='bbox 1390 2694 1537 2774; x_wconf 69' lang='lat' dir='ltr'><strong>illigatur.</strong></span> 
     </span>
     <span class='ocr_line' id='line_1_21' title="bbox 457 2795 1539 2878; baseline 0 -20"><span class='ocrx_word' id='word_1_160' title='bbox 457 2797 547 2876; x_wconf 85' lang='lat' dir='ltr'><strong>Quod</strong></span> <span class='ocrx_word' id='word_1_161' title='bbox 571 2797 639 2877; x_wconf 89' lang='lat' dir='ltr'><strong>quis</strong></span> <span class='ocrx_word' id='word_1_162' title='bbox 662 2803 710 2857; x_wconf 90' lang='lat' dir='ltr'><strong>est</strong></span> <span class='ocrx_word' id='word_1_163' title='bbox 731 2797 804 2877; x_wconf 89' lang='lat' dir='ltr'><strong>quin</strong></span> <span class='ocrx_word' id='word_1_164' title='bbox 828 2795 931 2856; x_wconf 84' lang='lat' dir='ltr'><strong>videat</strong></span> <span class='ocrx_word' id='word_1_165' title='bbox 953 2795 1081 2876; x_wconf 77' lang='lat' dir='ltr'><strong>egregie</strong></span> <span class='ocrx_word' id='word_1_166' title='bbox 1102 2813 1170 2855; x_wconf 89' lang='lat' dir='ltr'><strong>oum</strong></span> <span class='ocrx_word' id='word_1_167' title='bbox 1193 2812 1231 2855; x_wconf 91' lang='lat' dir='ltr'><strong>eo</strong></span> <span class='ocrx_word' id='word_1_168' title='bbox 1255 2796 1429 2870; x_wconf 83' lang='lat' dir='ltr'><strong>convenire,</strong></span> <span class='ocrx_word' id='word_1_169' title='bbox 1453 2798 1539 2878; x_wconf 91' lang='lat' dir='ltr'><strong>quod</strong></span> 
     </span>
     <span class='ocr_line' id='line_1_22' title="bbox 456 2896 1540 2963; baseline -0.003 0"><span class='ocrx_word' id='word_1_170' title='bbox 456 2901 601 2963; x_wconf 84' lang='lat' dir='ltr'><strong>Socrates</strong></span> <span class='ocrx_word' id='word_1_171' title='bbox 625 2906 767 2960; x_wconf 78' lang='lat' dir='ltr'><strong>naman</strong></span> <span class='ocrx_word' id='word_1_172' title='bbox 787 2899 953 2960; x_wconf 85' lang='lat' dir='ltr'><strong>admodum</strong></span> <span class='ocrx_word' id='word_1_173' title='bbox 977 2899 1224 2962; x_wconf 88' lang='lat' dir='ltr'><strong>adolescentulus</strong></span> <span class='ocrx_word' id='word_1_174' title='bbox 1238 2896 1453 2960; x_wconf 87' lang='lat' dir='ltr'><strong>Parmenidem</strong></span> <span class='ocrx_word' id='word_1_175' title='bbox 1477 2900 1540 2960; x_wconf 90' lang='lat' dir='ltr'><strong>dis-</strong></span> 
     </span>
     <span class='ocr_line' id='line_1_23' title="bbox 456 3001 1539 3084; baseline 0 -20"><span class='ocrx_word' id='word_1_176' title='bbox 456 3011 610 3064; x_wconf 80' lang='lat' dir='ltr'><strong>serentem</strong></span> <span class='ocrx_word' id='word_1_177' title='bbox 634 3002 812 3063; x_wconf 86' lang='lat' dir='ltr'><strong>audivissei</strong></span> <span class='ocrx_word' id='word_1_178' title='bbox 849 3001 1021 3062; x_wconf 84' lang='lat' dir='ltr'><strong>Fatendum</strong></span> <span class='ocrx_word' id='word_1_179' title='bbox 1044 3008 1093 3062; x_wconf 87' lang='lat' dir='ltr'><strong>eat</strong></span> <span class='ocrx_word' id='word_1_180' title='bbox 1115 3009 1226 3074; x_wconf 89' lang='lat' dir='ltr'><strong>tameu,</strong></span> <span class='ocrx_word' id='word_1_181' title='bbox 1249 3001 1366 3063; x_wconf 87' lang='lat' dir='ltr'><strong>leviora</strong></span> <span class='ocrx_word' id='word_1_182' title='bbox 1387 3004 1539 3084; x_wconf 89' lang='lat' dir='ltr'><strong>quaedam</strong></span> 
     </span>
     <span class='ocr_line' id='line_1_24' title="bbox 456 3103 1539 3187; baseline -0.002 -19"><span class='ocrx_word' id='word_1_183' title='bbox 456 3105 518 3168; x_wconf 90' lang='lat' dir='ltr'><strong>boc</strong></span> <span class='ocrx_word' id='word_1_184' title='bbox 545 3104 576 3163; x_wconf 91' lang='lat' dir='ltr'><strong>in</strong></span> <span class='ocrx_word' id='word_1_185' title='bbox 615 3121 732 3183; x_wconf 75' lang='lat' dir='ltr'><strong>genere</strong></span> <span class='ocrx_word' id='word_1_186' title='bbox 766 3122 948 3183; x_wconf 87' lang='lat' dir='ltr'><strong>superesse,</strong></span> <span class='ocrx_word' id='word_1_187' title='bbox 986 3105 1026 3165; x_wconf 93' lang='lat' dir='ltr'><strong>de</strong></span> <span class='ocrx_word' id='word_1_188' title='bbox 1060 3103 1173 3184; x_wconf 89' lang='lat' dir='ltr'><strong>quibus</strong></span> <span class='ocrx_word' id='word_1_189' title='bbox 1206 3105 1347 3167; x_wconf 90' lang='lat' dir='ltr'><strong>nouuihil</strong></span> <span class='ocrx_word' id='word_1_190' title='bbox 1381 3108 1539 3187; x_wconf 73' lang='lat' dir='ltr'><strong>ambigena</strong></span> 
     </span>
     <span class='ocr_line' id='line_1_25' title="bbox 457 3205 1539 3290; baseline 0.004 -23"><span class='ocrx_word' id='word_1_191' title='bbox 457 3225 603 3288; x_wconf 84' lang='lat' dir='ltr'><strong>quorsum</strong></span> <span class='ocrx_word' id='word_1_192' title='bbox 632 3205 769 3284; x_wconf 86' lang='lat' dir='ltr'><strong>pertinet</strong></span> <span class='ocrx_word' id='word_1_193' title='bbox 797 3205 890 3278; x_wconf 89' lang='lat' dir='ltr'><strong>iliud,</strong></span> <span class='ocrx_word' id='word_1_194' title='bbox 927 3205 1011 3285; x_wconf 90' lang='lat' dir='ltr'><strong>quod</strong></span> <span class='ocrx_word' id='word_1_195' title='bbox 1039 3206 1233 3285; x_wconf 85' lang='lat' dir='ltr'><strong>potissimum</strong></span> <span class='ocrx_word' id='word_1_196' title='bbox 1262 3206 1416 3288; x_wconf 82' lang='lat' dir='ltr'><strong>Cephalus</strong></span> <span class='ocrx_word' id='word_1_197' title='bbox 1444 3219 1539 3290; x_wconf 83' lang='lat' dir='ltr'><strong>atque</strong></span> 
     </span>
     <span class='ocr_line' id='line_1_26' title="bbox 455 3308 1540 3388; baseline 0.003 -17"><span class='ocrx_word' id='word_1_198' title='bbox 455 3309 649 3384; x_wconf 79' lang='lat' dir='ltr'><strong>Adimantus,</strong></span> <span class='ocrx_word' id='word_1_199' title='bbox 671 3308 788 3370; x_wconf 86' lang='lat' dir='ltr'><strong>Glauco</strong></span> <span class='ocrx_word' id='word_1_200' title='bbox 811 3315 844 3369; x_wconf 91' lang='lat' dir='ltr'><strong>et</strong></span> <span class='ocrx_word' id='word_1_201' title='bbox 864 3308 1022 3388; x_wconf 78' lang='lat' dir='ltr'><strong>Antiphon</strong></span> <span class='ocrx_word' id='word_1_202' title='bbox 1044 3319 1332 3375; x_wconf 88' lang='lat' dir='ltr'><strong>commemorantur.</strong></span> <span class='ocrx_word' id='word_1_203' title='bbox 1376 3311 1438 3374; x_wconf 86' lang='lat' dir='ltr'><strong>Sed</strong></span> <span class='ocrx_word' id='word_1_204' title='bbox 1461 3313 1540 3374; x_wconf 86' lang='lat' dir='ltr'><strong>haec</strong></span> 
     </span>
     <span class='ocr_line' id='line_1_27' title="bbox 456 3411 1538 3495; baseline -0.001 -23"><span class='ocrx_word' id='word_1_205' title='bbox 456 3411 714 3492; x_wconf 90' lang='lat' dir='ltr'><strong>quemadmodum</strong></span> <span class='ocrx_word' id='word_1_206' title='bbox 740 3429 800 3471; x_wconf 88' lang='lat' dir='ltr'><strong>non</strong></span> <span class='ocrx_word' id='word_1_207' title='bbox 823 3413 926 3492; x_wconf 79' lang='lat' dir='ltr'><strong>magni</strong></span> <span class='ocrx_word' id='word_1_208' title='bbox 947 3415 1093 3474; x_wconf 87' lang='lat' dir='ltr'><strong>momenti</strong></span> <span class='ocrx_word' id='word_1_209' title='bbox 1116 3418 1198 3489; x_wconf 77' lang='lat' dir='ltr'><strong>scrut,</strong></span> <span class='ocrx_word' id='word_1_210' title='bbox 1220 3415 1265 3476; x_wconf 88' lang='lat' dir='ltr'><strong>ita</strong></span> <span class='ocrx_word' id='word_1_211' title='bbox 1286 3415 1462 3495; x_wconf 87' lang='lat' dir='ltr'><strong>neutiquam</strong></span> <span class='ocrx_word' id='word_1_212' title='bbox 1481 3416 1538 3477; x_wconf 82' lang='lat' dir='ltr'><strong>du.</strong></span> 
     </span>
     <span class='ocr_line' id='line_1_28' title="bbox 456 3514 1539 3598; baseline 0.005 -23"><span class='ocrx_word' id='word_1_213' title='bbox 456 3514 605 3589; x_wconf 86' lang='lat' dir='ltr'><strong>bitamus,</strong></span> <span class='ocrx_word' id='word_1_214' title='bbox 634 3516 707 3594; x_wconf 90' lang='lat' dir='ltr'><strong>quin</strong></span> <span class='ocrx_word' id='word_1_215' title='bbox 728 3515 852 3577; x_wconf 82' lang='lat' dir='ltr'><strong>facilem</strong></span> <span class='ocrx_word' id='word_1_216' title='bbox 874 3517 1018 3579; x_wconf 81' lang='lat' dir='ltr'><strong>habitune</strong></span> <span class='ocrx_word' id='word_1_217' title='bbox 1039 3522 1144 3578; x_wconf 86' lang='lat' dir='ltr'><strong>esseut</strong></span> <span class='ocrx_word' id='word_1_218' title='bbox 1165 3518 1417 3598; x_wconf 88' lang='lat' dir='ltr'><strong>explicationem,</strong></span> <span class='ocrx_word' id='word_1_219' title='bbox 1447 3519 1475 3580; x_wconf 89' lang='lat' dir='ltr'><strong>si</strong></span> <span class='ocrx_word' id='word_1_220' title='bbox 1497 3519 1539 3580; x_wconf 93' lang='lat' dir='ltr'><strong>de</strong></span> 
     </span>
     <span class='ocr_line' id='line_1_29' title="bbox 454 3615 1537 3686; baseline 0.006 -7"><span class='ocrx_word' id='word_1_221' title='bbox 454 3617 581 3679; x_wconf 86' lang='lat' dir='ltr'><strong>illorum</strong></span> <span class='ocrx_word' id='word_1_222' title='bbox 608 3615 766 3678; x_wconf 91' lang='lat' dir='ltr'><strong>bominum</strong></span> <span class='ocrx_word' id='word_1_223' title='bbox 795 3620 935 3682; x_wconf 90' lang='lat' dir='ltr'><strong>moribus</strong></span> <span class='ocrx_word' id='word_1_224' title='bbox 964 3627 995 3681; x_wconf 88' lang='lat' dir='ltr'><strong>et</strong></span> <span class='ocrx_word' id='word_1_225' title='bbox 1016 3623 1296 3686; x_wconf 86' lang='lat' dir='ltr'><strong>necessitudinibus</strong></span> <span class='ocrx_word' id='word_1_226' title='bbox 1326 3624 1440 3684; x_wconf 86' lang='lat' dir='ltr'><strong>certius</strong></span> <span class='ocrx_word' id='word_1_227' title='bbox 1463 3642 1537 3685; x_wconf 92' lang='lat' dir='ltr'><strong>con-</strong></span> 
     </span>
     <span class='ocr_line' id='line_1_30' title="bbox 453 3721 1591 3806; baseline 0.003 -23"><span class='ocrx_word' id='word_1_228' title='bbox 453 3728 564 3785; x_wconf 88' lang='lat' dir='ltr'><strong>staret.</strong></span> <span class='ocrx_word' id='word_1_229' title='bbox 607 3721 699 3803; x_wconf 91' lang='lat' dir='ltr'><strong>Quod</strong></span> <span class='ocrx_word' id='word_1_230' title='bbox 726 3741 807 3785; x_wconf 84' lang='lat' dir='ltr'><strong>nrrnc</strong></span> <span class='ocrx_word' id='word_1_231' title='bbox 834 3723 926 3784; x_wconf 89' lang='lat' dir='ltr'><strong>aliter</strong></span> <span class='ocrx_word' id='word_1_232' title='bbox 953 3743 1024 3785; x_wconf 90' lang='lat' dir='ltr'><strong>sese</strong></span> <span class='ocrx_word' id='word_1_233' title='bbox 1049 3725 1154 3789; x_wconf 90' lang='lat' dir='ltr'><strong>habet.</strong></span> <span class='ocrx_word' id='word_1_234' title='bbox 1205 3725 1281 3785; x_wconf 89' lang='lat' dir='ltr'><strong>Nam</strong></span> <span class='ocrx_word' id='word_1_235' title='bbox 1303 3726 1459 3804; x_wconf 82' lang='lat' dir='ltr'><strong>Cephalus</strong></span> <span class='ocrx_word' id='word_1_236' title='bbox 1482 3726 1538 3786; x_wconf 91' lang='lat' dir='ltr'><strong>ille</strong></span> <span class='ocrx_word' id='word_1_237' title='bbox 1589 3802 1591 3806; x_wconf 85' lang='lat'><strong>.</strong></span> 
     </span>
     <span class='ocr_line' id='line_1_31' title="bbox 454 3812 1559 3908; baseline 0.001 -20"><span class='ocrx_word' id='word_1_238' title='bbox 454 3812 592 3889; x_wconf 84' lang='lat' dir='ltr'><strong>dubitari</strong></span> <span class='ocrx_word' id='word_1_239' title='bbox 617 3830 722 3908; x_wconf 84' lang='lat' dir='ltr'><strong>potest</strong></span> <span class='ocrx_word' id='word_1_240' title='bbox 749 3844 820 3886; x_wconf 89' lang='lat' dir='ltr'><strong>num</strong></span> <span class='ocrx_word' id='word_1_241' title='bbox 847 3828 930 3887; x_wconf 89' lang='lat' dir='ltr'><strong>idem</strong></span> <span class='ocrx_word' id='word_1_242' title='bbox 960 3829 1016 3902; x_wconf 93' lang='lat' dir='ltr'><strong>sit,</strong></span> <span class='ocrx_word' id='word_1_243' title='bbox 1050 3830 1103 3908; x_wconf 92' lang='lat' dir='ltr'><strong>qui</strong></span> <span class='ocrx_word' id='word_1_244' title='bbox 1130 3831 1162 3890; x_wconf 92' lang='lat' dir='ltr'><strong>in</strong></span> <span class='ocrx_word' id='word_1_245' title='bbox 1192 3829 1281 3890; x_wconf 89' lang='lat' dir='ltr'><strong>libris</strong></span> <span class='ocrx_word' id='word_1_246' title='bbox 1303 3829 1344 3888; x_wconf 88' lang='lat' dir='ltr'><strong>dc</strong></span> <span class='ocrx_word' id='word_1_247' title='bbox 1365 3827 1559 3907; x_wconf 83' lang='lat' dir='ltr'><strong>Republica·</strong></span> 
     </span>
     <span class='ocr_line' id='line_1_32' title="bbox 454 3928 1539 4013; baseline 0 -21"><span class='ocrx_word' id='word_1_248' title='bbox 454 3930 635 4011; x_wconf 85' lang='lat' dir='ltr'><strong>colloquens</strong></span> <span class='ocrx_word' id='word_1_249' title='bbox 655 3928 879 4003; x_wconf 84' lang='lat' dir='ltr'><strong>introducitur,</strong></span> <span class='ocrx_word' id='word_1_250' title='bbox 907 3936 997 4008; x_wconf 90' lang='lat' dir='ltr'><strong>pater</strong></span> <span class='ocrx_word' id='word_1_251' title='bbox 1019 3931 1128 4013; x_wconf 80' lang='lat' dir='ltr'><strong>Lysiae</strong></span> <span class='ocrx_word' id='word_1_252' title='bbox 1151 3932 1295 3993; x_wconf 85' lang='lat' dir='ltr'><strong>oratoris.</strong></span> <span class='ocrx_word' id='word_1_253' title='bbox 1346 3932 1539 4010; x_wconf 84' lang='lat' dir='ltr'><strong>Quamquam</strong></span> 
     </span>
     <span class='ocr_line' id='line_1_33' title="bbox 454 4024 1538 4116; baseline -0.002 -21"><span class='ocrx_word' id='word_1_254' title='bbox 454 4050 524 4095; x_wconf 82' lang='lat' dir='ltr'><strong>mes</strong></span> <span class='ocrx_word' id='word_1_255' title='bbox 559 4033 713 4097; x_wconf 84' lang='lat' dir='ltr'><strong>sententis</strong></span> <span class='ocrx_word' id='word_1_256' title='bbox 748 4024 816 4094; x_wconf 69' lang='lat' dir='ltr'><strong>hoo¹</strong></span> <span class='ocrx_word' id='word_1_257' title='bbox 844 4032 968 4112; x_wconf 87' lang='lat' dir='ltr'><strong>quidem</strong></span> <span class='ocrx_word' id='word_1_258' title='bbox 998 4036 1037 4095; x_wconf 91' lang='lat' dir='ltr'><strong>ad</strong></span> <span class='ocrx_word' id='word_1_259' title='bbox 1073 4030 1224 4116; x_wconf 88' lang='lat' dir='ltr'><strong>liquidum</strong></span> <span class='ocrx_word' id='word_1_260' title='bbox 1258 4034 1386 4114; x_wconf 88' lang='lat' dir='ltr'><strong>perduci</strong></span> <span class='ocrx_word' id='word_1_261' title='bbox 1421 4041 1538 4114; x_wconf 90' lang='lat' dir='ltr'><strong>potest.</strong></span> 
     </span>
     <span class='ocr_line' id='line_1_34' title="bbox 453 4134 1539 4224; baseline -0.001 -24"><span class='ocrx_word' id='word_1_262' title='bbox 453 4134 577 4200; x_wconf 63' lang='lat' dir='ltr'><strong>min</strong></span> <span class='ocrx_word' id='word_1_263' title='bbox 598 4154 662 4224; x_wconf 85' lang='lat' dir='ltr'><strong>non</strong></span> <span class='ocrx_word' id='word_1_264' title='bbox 682 4137 924 4218; x_wconf 73' lang='lat' dir='ltr'><strong>syracusanum,</strong></span> <span class='ocrx_word' id='word_1_265' title='bbox 954 4137 1009 4201; x_wconf 83' lang='lat' dir='ltr'><strong>sed</strong></span> <span class='ocrx_word' id='word_1_266' title='bbox 1032 4139 1261 4201; x_wconf 78' lang='lat' dir='ltr'><strong>Clazomenium</strong></span> <span class='ocrx_word' id='word_1_267' title='bbox 1291 4137 1442 4217; x_wconf 90' lang='lat' dir='ltr'><strong>quendam</strong></span> <span class='ocrx_word' id='word_1_268' title='bbox 1466 4156 1539 4199; x_wconf 82' lang='lat' dir='ltr'><strong>esse</strong></span> 
     </span>
     <span class='ocr_line' id='line_1_35' title="bbox 453 4238 1538 4323; baseline 0.003 -24"><span class='ocrx_word' id='word_1_269' title='bbox 453 4238 699 4320; x_wconf 70' lang='lat' dir='ltr'><strong>intelligendum,</strong></span> <span class='ocrx_word' id='word_1_270' title='bbox 720 4239 803 4301; x_wconf 90' lang='lat' dir='ltr'><strong>haud</strong></span> <span class='ocrx_word' id='word_1_271' title='bbox 826 4240 958 4303; x_wconf 90' lang='lat' dir='ltr'><strong>obscure</strong></span> <span class='ocrx_word' id='word_1_272' title='bbox 980 4243 1171 4323; x_wconf 78' lang='lat' dir='ltr'><strong>significatur</strong></span> <span class='ocrx_word' id='word_1_273' title='bbox 1182 4244 1251 4323; x_wconf 93' lang='lat' dir='ltr'><strong>ipso</strong></span> <span class='ocrx_word' id='word_1_274' title='bbox 1266 4241 1420 4306; x_wconf 87' lang='lat' dir='ltr'><strong>sermonis</strong></span> <span class='ocrx_word' id='word_1_275' title='bbox 1437 4241 1538 4302; x_wconf 81' lang='lat' dir='ltr'><strong>initloa</strong></span> 
     </span>
     <span class='ocr_line' id='line_1_36' title="bbox 454 4333 1536 4431; baseline 0.007 -31"><span class='ocrx_word' id='word_1_276' title='bbox 454 4333 561 4419; x_wconf 71' lang='lat' dir='ltr'><strong>insuda}</strong></span> <span class='ocrx_word' id='word_1_277' title='bbox 592 4346 635 4389; x_wconf 88' lang='lat'><strong>&#39;—</strong></span> <span class='ocrx_word' id='word_1_278' title='bbox 663 4339 803 4406; x_wconf 74' lang='grc' dir='ltr'><em>οἴκοθεν</em></span> <span class='ocrx_word' id='word_1_279' title='bbox 841 4348 875 4405; x_wconf 73' lang='grc' dir='ltr'><strong>ἐκ</strong></span> <span class='ocrx_word' id='word_1_280' title='bbox 902 4343 1124 4427; x_wconf 75' lang='grc' dir='ltr'><em>Κλαζομενῶν</em></span> <span class='ocrx_word' id='word_1_281' title='bbox 1153 4340 1356 4431; x_wconf 67' lang='grc' dir='ltr'><strong>ἀφικόμεθα</strong></span> <span class='ocrx_word' id='word_1_282' title='bbox 1387 4366 1416 4407; x_wconf 80' lang='grc' dir='ltr'><strong>κ.</strong></span> <span class='ocrx_word' id='word_1_283' title='bbox 1446 4366 1475 4407; x_wconf 80' lang='grc' dir='ltr'><strong>τ.</strong></span> <span class='ocrx_word' id='word_1_284' title='bbox 1505 4344 1536 4408; x_wconf 82' lang='grc' dir='ltr'><strong>λ.</strong></span> 
     </span>
     <span class='ocr_line' id='line_1_37' title="bbox 453 4445 1536 4530; baseline 0.003 -26"><span class='ocrx_word' id='word_1_285' title='bbox 453 4445 581 4506; x_wconf 87' lang='lat' dir='ltr'><strong>Accedit</strong></span> <span class='ocrx_word' id='word_1_286' title='bbox 603 4446 687 4525; x_wconf 89' lang='lat' dir='ltr'><strong>quod</strong></span> <span class='ocrx_word' id='word_1_287' title='bbox 709 4447 865 4525; x_wconf 83' lang='lat' dir='ltr'><strong>Cephalus</strong></span> <span class='ocrx_word' id='word_1_288' title='bbox 886 4449 991 4526; x_wconf 90' lang='lat' dir='ltr'><strong>paullo</strong></span> <span class='ocrx_word' id='word_1_289' title='bbox 1013 4457 1087 4530; x_wconf 87' lang='lat' dir='ltr'><strong>post</strong></span> <span class='ocrx_word' id='word_1_290' title='bbox 1108 4449 1148 4511; x_wconf 91' lang='lat' dir='ltr'><strong>de</strong></span> <span class='ocrx_word' id='word_1_291' title='bbox 1169 4449 1374 4512; x_wconf 77' lang='lat' dir='ltr'><strong>familiaribus</strong></span> <span class='ocrx_word' id='word_1_292' title='bbox 1391 4455 1425 4510; x_wconf 87' lang='lat' dir='ltr'><strong>et</strong></span> <span class='ocrx_word' id='word_1_293' title='bbox 1440 4448 1536 4510; x_wconf 85' lang='lat' dir='ltr'><strong>comi-</strong></span> 
     </span>
     <span class='ocr_line' id='line_1_38' title="bbox 452 4545 1535 4638; baseline 0.007 -33"><span class='ocrx_word' id='word_1_294' title='bbox 452 4545 536 4607; x_wconf 90' lang='lat' dir='ltr'><strong>tibus</strong></span> <span class='ocrx_word' id='word_1_295' title='bbox 558 4548 639 4610; x_wconf 82' lang='lat' dir='ltr'><strong>suis:</strong></span> <span class='ocrx_word' id='word_1_296' title='bbox 661 4548 737 4624; x_wconf 80' lang='grc' dir='ltr'><em>οἵδε,</em></span> <span class='ocrx_word' id='word_1_297' title='bbox 759 4550 869 4629; x_wconf 85' lang='lat' dir='ltr'><strong>inquit,</strong></span> <span class='ocrx_word' id='word_1_298' title='bbox 892 4550 1030 4614; x_wconf 78' lang='grc' dir='ltr'><strong><em>πολῖταί</em></strong></span> <span class='ocrx_word' id='word_1_299' title='bbox 1050 4554 1109 4632; x_wconf 80' lang='grc' dir='ltr'><strong>μοι’</strong></span> <span class='ocrx_word' id='word_1_300' title='bbox 1132 4554 1191 4615; x_wconf 76' lang='lat' dir='ltr'><strong>aios</strong></span> <span class='ocrx_word' id='word_1_301' title='bbox 1211 4546 1305 4633; x_wconf 74' lang='grc' dir='ltr'><strong>μάλα</strong></span> <span class='ocrx_word' id='word_1_302' title='bbox 1328 4546 1535 4638; x_wconf 69' lang='grc' dir='ltr'>φιλόσοφοις</span> 
     </span>
     <span class='ocr_line' id='line_1_39' title="bbox 454 4646 1535 4736; baseline 0.006 -28"><span class='ocrx_word' id='word_1_303' title='bbox 454 4656 486 4709; x_wconf 90' lang='lat' dir='ltr'><strong>et</strong></span> <span class='ocrx_word' id='word_1_304' title='bbox 514 4651 598 4729; x_wconf 92' lang='lat' dir='ltr'><strong>quod</strong></span> <span class='ocrx_word' id='word_1_305' title='bbox 627 4658 732 4713; x_wconf 85' lang='lat' dir='ltr'><strong>narret</strong></span> <span class='ocrx_word' id='word_1_306' title='bbox 759 4652 983 4734; x_wconf 85' lang='lat' dir='ltr'><strong>Antiphontem</strong></span> <span class='ocrx_word' id='word_1_307' title='bbox 1011 4655 1112 4718; x_wconf 84' lang='lat' dir='ltr'><strong>adhuc</strong></span> <span class='ocrx_word' id='word_1_308' title='bbox 1138 4654 1237 4719; x_wconf 82' lang='lat' dir='ltr'><strong>luisse</strong></span> <span class='ocrx_word' id='word_1_309' title='bbox 1266 4657 1447 4736; x_wconf 87' lang='lat' dir='ltr'><strong>puerulum,</strong></span> <span class='ocrx_word' id='word_1_310' title='bbox 1480 4646 1535 4716; x_wconf 82' lang='grc' dir='ltr'><strong>ὅτι</strong></span> 
     </span>
    </p>
   </div>
   <div class='ocr_carea' id='block_1_3' title="bbox 0 0 1892 5442">
    <p class='ocr_par' dir='ltr' id='par_1_4' title="bbox 0 0 1892 5442">
     <span class='ocr_line' id='line_1_40' title="bbox 0 0 1892 5442; baseline 0 0"><span class='ocrx_word' id='word_1_311' title='bbox 0 0 1892 5442; x_wconf 95' lang='lat' dir='ltr'><strong> </strong></span> 
     </span>
    </p>
   </div>
  </div>
 </body>
</html>
