3775 5442
479 636 524 705 fl
815 627 903 691 uuio
924 627 1045 707 primns.
1086 623 1233 717 secuti

478 804 635 887 iimiiins
658 801 769 868 mie·
789 801 904 869 similis
916 821 954 866 ae
968 799 1147 876 disimilis,
1167 815 1263 861 unum
1281 794 1434 872 etmnita,
1455 795 1562 876 quieta

478 917 514 976 et
538 908 697 991 eoneitets*
718 908 890 971 viduant.
942 905 1102 967 zenonem
1133 902 1179 966 ibi
1212 919 1283 964 esne
1314 899 1562 979 intelligendum,

478 1016 651 1098 praeeunte
680 1010 821 1093 liiogene
848 1007 973 1071 [seruo
999 1007 1051 1070 IX.
1073 1004 1125 1068 26.
1153 1011 1187 1067 et
1216 1003 1391 1067 Scholiasta
1411 1000 1562 1079 Platonis,

477 1115 724 1190 mmmmm,
753 1111 970 1186 liciniorum,
997 1106 1564 1188 usum,sm1eremmnerm,sur‚

477 1218 613 1284 usnimi
638 1219 843 1281 eonsessione
868 1215 1061 1305 iuiimpuntr
1092 1230 1150 1274 nee
1177 1211 1323 1293 proiecto
1350 1207 1459 1284 rideo,
1486 1207 1564 1289 quiri

477 1322 553 1385 nme
577 1320 753 1386 munuae
772 1327 860 1383 reete
882 1335 1038 1399 opponas,
1059 1314 1135 1394 lieet
1155 1310 1336 1393 Qnintiiisni
1358 1310 1481 1390 opinio,
1512 1310 1565 1374 in-

477 1425 592 1490 stituti.
615 1423 716 1487 onte
737 1423 787 1489 lii.
810 1423 840 1484 1.
861 1420 1106 1484 Aioiianasntem
1127 1418 1296 1491 inmitem,
1328 1413 1486 1476 hominem
1506 1414 1566 1477 ob-

477 1546 618 1603 euntum,
647 1525 784 1605 (iorgise
812 1524 1016 1603 diseipuium,
1049 1521 1183 1600 intelligi
1209 1517 1428 1592 eniatImsatis,
1447 1534 1565 1598 nequo

477 1628 623 1711 iiossgio
657 1628 698 1690 sd
728 1626 818 1710 Diog.
839 1626 862 1691 1.
882 1645 910 1691 o.
940 1642 1043 1704 neque
1068 1624 1105 1688 P.
1126 1623 1234 1704 Bayiio
1261 1622 1295 1683 in
1320 1621 1453 1682 liiution.
1480 1639 1507 1683 s.
1532 1638 1563 1682 v.

480 1732 568 1796 Zeno
600 1728 803 1812 displicuerit.
857 1728 1010 1792 Nimirum
1043 1726 1097 1806 qui
1127 1722 1318 1806 reputaverit
1341 1724 1501 1785 Zenonem
1528 1722 1564 1785 in

477 1834 662 1899 Parmenido
690 1833 730 1893 ab
754 1831 844 1894 initio
863 1831 969 1894 statiua
991 1829 1121 1891 undem
1139 1826 1285 1908 prorem
1306 1826 1507 1901 sententiam,
1534 1826 1564 1889 ei

478 1930 589 2002 πολλά
611 1939 682 1998 ἐστι
702 1925 747 1998 τὰ
769 1923 868 2008 ὄντα,
889 1929 935 2007 ὥς
948 1922 1027 2017 ’ἄρα
1047 1929 1097 1996 δεῖ
1117 1921 1205 1994 αὐτὰ
1227 1921 1330 2010 ὅμοιά
1346 1949 1382 1992 τε
1398 1920 1483 1992 εἶναι
1503 1926 1564 1990 καὶ

477 2033 641 2121 ἀνόμοια,
673 2037 702 2098 is
730 2041 818 2098 uerte
843 2053 906 2098 non
933 2033 1105 2110 dubiumr,
1133 2032 1266 2095 eundem
1287 2031 1319 2092 in
1340 2029 1484 2094 Phaedro
1506 2029 1564 2092 de-

477 2141 594 2223 signari
620 2139 861 2221 philosophum,
896 2138 950 2218 qui
981 2138 1014 2199 iu
1043 2133 1229 2198 Pnrmeniie
1255 2135 1383 2197 deerets
1408 2154 1465 2199 sus
1490 2155 1563 2199 oum

477 2243 609 2308 &mato
634 2240 767 2322 aliisque
795 2241 1009 2305 commuuioet.
1059 2240 1151 2319 Quoi
1177 2243 1282 2305 autem
1315 2243 1365 2306 rei
1392 2245 1485 2321 eaput
1512 2244 1564 2303 est

477 2343 755 2424 urmnunnmque
780 2345 874 2409 innius
894 2344 1069 2408 sententiae
1089 2344 1331 2423 munimentum,
1358 2362 1467 2408 omnes
1487 2343 1564 2407 iliae

454 2488 457 2496 ·
478 2448 779 2529 srgnmeutrtiones,
801 2450 913 2529 quibus
933 2450 1092 2511 Zenonem
1112 2449 1251 2512 norimus
1273 2447 1468 2511 airorssrios
1487 2465 1563 2509 onos

477 2550 725 2626 oontnrbsrisse,
746 2551 833 2613 nulio
854 2552 925 2615 iere
945 2552 1074 2634 negotio
1095 2550 1136 2612 sd
1156 2558 1223 2615 tren
1241 2553 1315 2614 ilios
1333 2550 1438 2625 iooos,
1459 2547 1563 2610 al'is·

477 2658 554 2717 tone
573 2653 607 2715 in
627 2651 772 2716 Phaedro
794 2654 1007 2736 significatos,
1029 2653 1170 2718 renouari
1190 2658 1330 2733 poaaunt.
1377 2652 1425 2716 lie
1445 2671 1505 2732 qua
1524 2669 1563 2714 ro

478 2775 574 2837 quum
595 2774 697 2836 nuper
717 2757 821 2819 omnis
842 2758 912 2820 iere
932 2776 1062 2838 prorsna
1082 2757 1125 2820 si
1144 2774 1242 2817 meam
1270 2761 1406 2820 mentem
1427 2755 1563 2836 expliea-

477 2860 560 2922 rerit
580 2856 742 2922 Hosticum
761 2859 909 2924 Riiterus
930 2863 1049 2924 Histoe.
1069 2860 1149 2924 Phil.
1160 2857 1231 2922 Vet.
1242 2857 1326 2921 Part.
1341 2859 1363 2923 Ι.
1375 2878 1407 2942 p.
1418 2859 1481 2922 489
1492 2878 1576 2940 sqq„

477 2960 540 3025 hoo
560 2960 632 3025 loeo
654 2981 717 3027 non
739 2970 789 3028 est
809 2965 893 3045 quod
910 2966 996 3029 idem
1012 2969 1226 3045 argumentum
1237 2963 1341 3025 duo
1353 2961 1562 3026 examinemus

476 3070 571 3145 atque
599 3065 826 3129 oouiirmemus.
874 3067 945 3129 Hoc
976 3087 1068 3129 unum
1095 3066 1230 3130 iortunse
1251 3084 1313 3129 nou
1334 3065 1432 3126 inerit
1451 3083 1562 3144 super-

345 3156 348 3163 ’
475 3185 641 3230 maneum
662 3166 844 3242 admonere,
866 3169 961 3230 etism
983 3169 1201 3232 celeberrimas
1223 3170 1295 3232 iiius
1312 3166 1447 3232 zenoni·
1468 3185 1561 3246 argu-

476 3268 698 3343 mentationes,
733 3269 845 3347 quibus
871 3277 990 3334 motum
1018 3272 1131 3334 toliere
1158 3279 1287 3336 eonatus
1314 3277 1379 3346 est,
1408 3287 1472 3331 non
1497 3269 1561 3331 alio

475 3370 665 3454 pertinuIsse
686 3369 803 3448 rideri,
825 3373 885 3436 nisi
905 3375 947 3438 su
967 3375 1172 3438 refellendum
1193 3394 1302 3438 eorum
1321 3373 1486 3450 rationem,
1507 3375 1561 3453 qui

476 3473 530 3552 rel,
554 3473 778 3536 elementorum
808 3476 858 3539 vel
885 3484 1061 3541 atomorum
1093 3480 1294 3541 ooneretiune
1320 3497 1357 3541 ae
1384 3478 1561 3541 secretione

476 3577 579 3641 omnin
599 3583 670 3640 orts
689 3583 783 3657 nique
803 3586 952 3661 generata
979 3602 1050 3645 ease
1070 3573 1274 3645 affirmarunt.
1329 3581 1451 3662 Quippe
1471 3585 1561 3642 motu

475 3698 642 3761 oorporum
658 3681 782 3745 sublato
796 3701 837 3747 no
855 3686 1083 3748 ooneretionem
1099 3685 1225 3766 quidem
1239 3684 1334 3747 uiiam
1345 3691 1400 3749 sut
1411 3685 1562 3747 seoretiu-

474 3802 548 3848 nem
558 3783 590 3844 in
602 3800 708 3845 rerum
719 3792 829 3849 natura
839 3788 942 3851 loeurn
951 3787 1070 3851 habere
1078 3788 1277 3850 manifestum
1284 3806 1354 3851 esse
1364 3788 1560 3850 arbitramur.

562 3885 666 3964 Quum
686 3906 760 3950 vero
783 3889 974 3970 argumentis
995 3893 1071 3955 satis
1092 3892 1215 3955 idoneis
1236 3898 1374 3968 ooustet,
1401 3891 1561 3952 Zenonem

474 3988 622 4054 reiutstis
648 3988 848 4070 physicorum
883 3994 1006 4075 piaoitia
1032 4015 1091 4076 per
1125 3997 1342 4077 rpsgogioam‚
1376 4011 1467 4076 quam
1494 3990 1592 4051 riis-1

474 4091 580 4160 ieetiei
600 4097 727 4167 runaut,
763 4094 1060 4161 demonstrationem
1086 4098 1279 4163 Parmenidis
1301 4100 1342 4160 de
1362 4116 1425 4159 uno
1446 4091 1562 4174 piseits

473 4201 652 4262 amomum
677 4195 852 4272 stuinissm
884 4201 1053 4264 dolendum
1083 4209 1134 4266 est
1158 4220 1364 4284 magnopere,
1399 4193 1484 4278 quod
1517 4191 1561 4256 (10

472 4301 574 4381 prims
590 4300 646 4363 iila
666 4298 885 4379 disputationis
902 4311 1001 4383 parte,
1023 4325 1084 4386 qua
1106 4305 1276 4380 contendit,
1290 4301 1427 4368 rimulis
1442 4304 1559 4373 essent,
1594 4336 1601 4345 -

474 4401 585 4466 eadem
611 4410 646 4469 et
674 4401 787 4467 similis
812 4409 846 4464 et
872 4404 1035 4469 dissimilis
1063 4405 1191 4472 evasura
1218 4427 1304 4486 esse,
1336 4406 1432 4484 idque
1452 4419 1560 4463 rerum

474 4511 604 4568 naturae
624 4525 814 4589 magnopere
834 4508 1006 4587 adversari,
1028 4510 1106 4574 nihii
1121 4513 1288 4593 quidquam
1307 4507 1477 4573 memoriae
1494 4511 1560 4566 tra·

474 4607 576 4671 ditum
596 4615 655 4674 est.
699 4611 852 4691 Quoeiros
871 4613 1025 4677 nescimus
1047 4632 1140 4693 sane,
1164 4614 1321 4697 quomodo
1342 4615 1559 4696 argumentum
