<?xml version="1.0" encoding="UTF-8"?>
<!DOCTYPE html PUBLIC "-//W3C//DTD XHTML 1.0 Transitional//EN"
    "http://www.w3.org/TR/xhtml1/DTD/xhtml1-transitional.dtd">
<html xmlns="http://www.w3.org/1999/xhtml" xml:lang="en" lang="en">
 <head>
  <title>
</title>
<meta http-equiv="Content-Type" content="text/html;charset=utf-8" />
  <meta name='ocr-system' content='tesseract 3.04.00' />
  <meta name='ocr-capabilities' content='ocr_page ocr_carea ocr_par ocr_line ocrx_word'/>
</head>
<body>
  <div class='ocr_page' id='page_1' title='image "./parmenidescumqu00platgoog_0423.png"; bbox 0 0 3775 5442; ppageno 0'>
   <div class='ocr_carea' id='block_1_1' title="bbox 739 638 1401 715">
    <p class='ocr_par' dir='ltr' id='par_1_1' title="bbox 739 638 1401 715">
     <span class='ocr_line' id='line_1_1' title="bbox 739 638 1401 715; baseline 0.012 -20"><span class='ocrx_word' id='word_1_1' title='bbox 739 638 824 696; x_wconf 73' lang='lat' dir='ltr'><strong>liber</strong></span> <span class='ocrx_word' id='word_1_2' title='bbox 846 650 975 715; x_wconf 86' lang='lat' dir='ltr'><strong>quartus.</strong></span> <span class='ocrx_word' id='word_1_3' title='bbox 1187 699 1190 703; x_wconf 85' lang='grc'><strong>,</strong></span> <span class='ocrx_word' id='word_1_4' title='bbox 1337 641 1401 703; x_wconf 68' lang='grc'><strong>885</strong></span> 
     </span>
    </p>
   </div>
   <div class='ocr_carea' id='block_1_2' title="bbox 317 808 1400 1303">
    <p class='ocr_par' dir='ltr' id='par_1_2' title="bbox 317 808 1400 1303">
     <span class='ocr_line' id='line_1_2' title="bbox 319 808 1399 891; baseline 0.005 -22"><span class='ocrx_word' id='word_1_5' title='bbox 319 827 391 870; x_wconf 86' lang='lat' dir='ltr'><strong>ease</strong></span> <span class='ocrx_word' id='word_1_6' title='bbox 411 808 599 888; x_wconf 80' lang='lat' dir='ltr'><strong>diligentius.</strong></span> <span class='ocrx_word' id='word_1_7' title='bbox 629 811 709 873; x_wconf 82' lang='lat' dir='ltr'><strong>ocni.</strong></span> <span class='ocrx_word' id='word_1_8' title='bbox 739 811 779 870; x_wconf 84' lang='lat' dir='ltr'><strong>cd</strong></span> <span class='ocrx_word' id='word_1_9' title='bbox 801 809 929 872; x_wconf 79' lang='lat' dir='ltr'><strong>&#39;Plreaet</strong></span> <span class='ocrx_word' id='word_1_10' title='bbox 958 831 987 891; x_wconf 92' lang='lat' dir='ltr'><strong>p.</strong></span> <span class='ocrx_word' id='word_1_11' title='bbox 1012 811 1082 874; x_wconf 77' lang='lat' dir='ltr'><strong>len.</strong></span> <span class='ocrx_word' id='word_1_12' title='bbox 1097 813 1131 872; x_wconf 80' lang='lat' dir='ltr'><strong>A.</strong></span> <span class='ocrx_word' id='word_1_13' title='bbox 1156 813 1305 874; x_wconf 85' lang='lat' dir='ltr'><strong>Obtinere</strong></span> <span class='ocrx_word' id='word_1_14' title='bbox 1325 831 1399 874; x_wconf 86' lang='lat' dir='ltr'><strong>vero</strong></span> 
     </span>
     <span class='ocr_line' id='line_1_3' title="bbox 317 912 1399 995; baseline 0.006 -23"><span class='ocrx_word' id='word_1_15' title='bbox 317 912 522 978; x_wconf 81' lang='lat' dir='ltr'><strong>Theaetelum</strong></span> <span class='ocrx_word' id='word_1_16' title='bbox 557 915 640 976; x_wconf 85' lang='lat' dir='ltr'><strong>iuter</strong></span> <span class='ocrx_word' id='word_1_17' title='bbox 668 915 726 976; x_wconf 80' lang='lat' dir='ltr'><strong>llos</strong></span> <span class='ocrx_word' id='word_1_18' title='bbox 761 915 859 974; x_wconf 80' lang='lat' dir='ltr'><strong>libror</strong></span> <span class='ocrx_word' id='word_1_19' title='bbox 888 916 988 975; x_wconf 91' lang='lat' dir='ltr'><strong>locum</strong></span> <span class='ocrx_word' id='word_1_20' title='bbox 1025 916 1175 994; x_wconf 85' lang='lat' dir='ltr'><strong>primum,</strong></span> <span class='ocrx_word' id='word_1_21' title='bbox 1210 916 1278 995; x_wconf 89' lang='lat' dir='ltr'><strong>ipsa</strong></span> <span class='ocrx_word' id='word_1_22' title='bbox 1309 916 1399 978; x_wconf 82' lang='lat' dir='ltr'><strong>(locet</strong></span> 
     </span>
     <span class='ocr_line' id='line_1_4' title="bbox 318 1016 1398 1095; baseline -0.001 -16"><span class='ocrx_word' id='word_1_23' title='bbox 318 1016 492 1079; x_wconf 71' lang='lat' dir='ltr'><strong>ffiuusuu</strong></span> <span class='ocrx_word' id='word_1_24' title='bbox 511 1016 602 1090; x_wconf 90' lang='lat' dir='ltr'><strong>ratio,</strong></span> <span class='ocrx_word' id='word_1_25' title='bbox 626 1036 704 1095; x_wconf 85' lang='lat' dir='ltr'><strong>quac</strong></span> <span class='ocrx_word' id='word_1_26' title='bbox 717 1018 749 1079; x_wconf 90' lang='lat' dir='ltr'><strong>in</strong></span> <span class='ocrx_word' id='word_1_27' title='bbox 764 1037 801 1077; x_wconf 90' lang='lat' dir='ltr'><strong>eo</strong></span> <span class='ocrx_word' id='word_1_28' title='bbox 825 1020 1016 1090; x_wconf 71' lang='lat' dir='ltr'><strong>dominatam</strong></span> <span class='ocrx_word' id='word_1_29' title='bbox 1039 1019 1131 1080; x_wconf 84' lang='lat' dir='ltr'><strong>dccet</strong></span> <span class='ocrx_word' id='word_1_30' title='bbox 1151 1019 1227 1079; x_wconf 91' lang='lat' dir='ltr'><strong>item</strong></span> <span class='ocrx_word' id='word_1_31' title='bbox 1242 1021 1398 1090; x_wconf 88' lang='lat' dir='ltr'><strong>materiae,</strong></span> 
     </span>
     <span class='ocr_line' id='line_1_5' title="bbox 317 1116 1399 1200; baseline 0.005 -23"><span class='ocrx_word' id='word_1_32' title='bbox 317 1116 359 1178; x_wconf 82' lang='lat' dir='ltr'><strong>sle</strong></span> <span class='ocrx_word' id='word_1_33' title='bbox 386 1136 445 1196; x_wconf 75' lang='lat' dir='ltr'><strong>qaia</strong></span> <span class='ocrx_word' id='word_1_34' title='bbox 472 1119 680 1198; x_wconf 71' lang='lat' dir='ltr'><strong>disceptatur,</strong></span> <span class='ocrx_word' id='word_1_35' title='bbox 696 1180 698 1182; x_wconf 76' lang='grc'>,</span> <span class='ocrx_word' id='word_1_36' title='bbox 716 1122 877 1196; x_wconf 86' lang='lat' dir='ltr'><strong>tractatio,</strong></span> <span class='ocrx_word' id='word_1_37' title='bbox 911 1122 1003 1182; x_wconf 89' lang='lat' dir='ltr'><strong>aienti</strong></span> <span class='ocrx_word' id='word_1_38' title='bbox 1038 1121 1070 1182; x_wconf 93' lang='lat' dir='ltr'><strong>in</strong></span> <span class='ocrx_word' id='word_1_39' title='bbox 1097 1122 1330 1200; x_wconf 74' lang='lat' dir='ltr'><strong>Prolegomenis</strong></span> <span class='ocrx_word' id='word_1_40' title='bbox 1359 1123 1399 1182; x_wconf 87' lang='lat' dir='ltr'><strong>ad</strong></span> 
     </span>
     <span class='ocr_line' id='line_1_6' title="bbox 318 1223 1400 1303; baseline 0.006 -23"><span class='ocrx_word' id='word_1_41' title='bbox 318 1240 388 1281; x_wconf 85' lang='lat' dir='ltr'><strong>eum</strong></span> <span class='ocrx_word' id='word_1_42' title='bbox 410 1223 522 1283; x_wconf 86' lang='lat' dir='ltr'><strong>librum</strong></span> <span class='ocrx_word' id='word_1_43' title='bbox 545 1224 834 1286; x_wconf 79' lang='lat' dir='ltr'><strong>demonstrabimus.</strong></span> <span class='ocrx_word' id='word_1_44' title='bbox 878 1225 969 1303; x_wconf 78' lang='lat' dir='ltr'><strong>Quod</strong></span> <span class='ocrx_word' id='word_1_45' title='bbox 982 1232 1083 1285; x_wconf 90' lang='lat' dir='ltr'><strong>autem</strong></span> <span class='ocrx_word' id='word_1_46' title='bbox 1096 1223 1400 1287; x_wconf 84' lang='lat' dir='ltr'><strong>Schleiermacherua</strong></span> 
     </span>
    </p>
   </div>
   <div class='ocr_carea' id='block_1_3' title="bbox 317 1323 1515 1415">
    <p class='ocr_par' dir='ltr' id='par_1_3' title="bbox 317 1323 1515 1415">
     <span class='ocr_line' id='line_1_7' title="bbox 317 1323 1515 1415; baseline 0.005 -32"><span class='ocrx_word' id='word_1_47' title='bbox 317 1323 530 1387; x_wconf 79' lang='lat' dir='ltr'><strong>Parmeniden</strong></span> <span class='ocrx_word' id='word_1_48' title='bbox 560 1327 680 1388; x_wconf 83' lang='lat' dir='ltr'><strong>censuit</strong></span> <span class='ocrx_word' id='word_1_49' title='bbox 707 1347 786 1407; x_wconf 85' lang='lat' dir='ltr'><strong>opus</strong></span> <span class='ocrx_word' id='word_1_50' title='bbox 817 1326 956 1389; x_wconf 87' lang='lat' dir='ltr'><strong>Platonis</strong></span> <span class='ocrx_word' id='word_1_51' title='bbox 979 1346 1049 1389; x_wconf 89' lang='lat' dir='ltr'><strong>esse</strong></span> <span class='ocrx_word' id='word_1_52' title='bbox 1069 1328 1220 1402; x_wconf 80' lang='lat' dir='ltr'><strong>iuvenile,</strong></span> <span class='ocrx_word' id='word_1_53' title='bbox 1248 1328 1320 1389; x_wconf 90' lang='lat' dir='ltr'><strong>huic</strong></span> <span class='ocrx_word' id='word_1_54' title='bbox 1340 1329 1398 1389; x_wconf 79' lang='lat' dir='ltr'><strong>siri</strong></span> <span class='ocrx_word' id='word_1_55' title='bbox 1512 1408 1515 1415; x_wconf 26' lang='grc' dir='ltr'><strong><em>Ι</em></strong></span> 
     </span>
    </p>
   </div>
   <div class='ocr_carea' id='block_1_4' title="bbox 315 1426 1404 3676">
    <p class='ocr_par' dir='ltr' id='par_1_4' title="bbox 315 1426 1404 3676">
     <span class='ocr_line' id='line_1_8' title="bbox 318 1426 1399 1509; baseline 0.003 -22"><span class='ocrx_word' id='word_1_56' title='bbox 318 1426 404 1488; x_wconf 83' lang='lat' dir='ltr'><strong>docti</strong></span> <span class='ocrx_word' id='word_1_57' title='bbox 425 1431 598 1491; x_wconf 87' lang='lat' dir='ltr'><strong>sententiae</strong></span> <span class='ocrx_word' id='word_1_58' title='bbox 626 1449 720 1509; x_wconf 84' lang='lat' dir='ltr'><strong>quum</strong></span> <span class='ocrx_word' id='word_1_59' title='bbox 742 1431 803 1491; x_wconf 88' lang='lat' dir='ltr'><strong>alia</strong></span> <span class='ocrx_word' id='word_1_60' title='bbox 824 1430 1043 1504; x_wconf 78' lang='lat' dir='ltr'><strong>adversantur,</strong></span> <span class='ocrx_word' id='word_1_61' title='bbox 1075 1437 1141 1491; x_wconf 87' lang='lat' dir='ltr'><strong>tum</strong></span> <span class='ocrx_word' id='word_1_62' title='bbox 1169 1432 1246 1492; x_wconf 89' lang='lat' dir='ltr'><strong>illud</strong></span> <span class='ocrx_word' id='word_1_63' title='bbox 1268 1434 1399 1493; x_wconf 86' lang='lat' dir='ltr'><strong>maxime</strong></span> 
     </span>
     <span class='ocr_line' id='line_1_9' title="bbox 317 1530 1404 1612; baseline 0.003 -20"><span class='ocrx_word' id='word_1_64' title='bbox 317 1530 429 1606; x_wconf 81' lang='lat' dir='ltr'><strong>officit,</strong></span> <span class='ocrx_word' id='word_1_65' title='bbox 451 1534 535 1612; x_wconf 87' lang='lat' dir='ltr'><strong>quod</strong></span> <span class='ocrx_word' id='word_1_66' title='bbox 557 1532 726 1612; x_wconf 80' lang='lat' dir='ltr'><strong>uspututo</strong></span> <span class='ocrx_word' id='word_1_67' title='bbox 748 1535 779 1594; x_wconf 89' lang='lat' dir='ltr'><strong>iu</strong></span> <span class='ocrx_word' id='word_1_68' title='bbox 803 1552 840 1593; x_wconf 94' lang='lat' dir='ltr'><strong>eo</strong></span> <span class='ocrx_word' id='word_1_69' title='bbox 863 1535 1015 1608; x_wconf 86' lang='lat' dir='ltr'><strong>instituta,</strong></span> <span class='ocrx_word' id='word_1_70' title='bbox 1037 1534 1129 1595; x_wconf 86' lang='lat' dir='ltr'><strong>sicuti</strong></span> <span class='ocrx_word' id='word_1_71' title='bbox 1151 1541 1240 1596; x_wconf 86' lang='lat' dir='ltr'><strong>antea</strong></span> <span class='ocrx_word' id='word_1_72' title='bbox 1256 1535 1404 1606; x_wconf 81' lang='lat' dir='ltr'><strong>vidimus,-</strong></span> 
     </span>
     <span class='ocr_line' id='line_1_10' title="bbox 316 1635 1397 1717; baseline 0.001 -22"><span class='ocrx_word' id='word_1_73' title='bbox 316 1643 386 1695; x_wconf 90' lang='lat' dir='ltr'><strong>tota</strong></span> <span class='ocrx_word' id='word_1_74' title='bbox 408 1636 446 1694; x_wconf 81' lang='lat' dir='ltr'><strong>ad</strong></span> <span class='ocrx_word' id='word_1_75' title='bbox 475 1636 626 1716; x_wconf 88' lang='lat' dir='ltr'><strong>principia</strong></span> <span class='ocrx_word' id='word_1_76' title='bbox 646 1635 913 1717; x_wconf 70' lang='lat' dir='ltr'><strong>Pythagoreorum</strong></span> <span class='ocrx_word' id='word_1_77' title='bbox 942 1641 1146 1716; x_wconf 71' lang='lat' dir='ltr'><strong>attemperata</strong></span> <span class='ocrx_word' id='word_1_78' title='bbox 1174 1644 1238 1709; x_wconf 89' lang='lat' dir='ltr'><strong>est,</strong></span> <span class='ocrx_word' id='word_1_79' title='bbox 1267 1655 1397 1715; x_wconf 84' lang='lat' dir='ltr'><strong>quornm</strong></span> 
     </span>
     <span class='ocr_line' id='line_1_11' title="bbox 316 1738 1398 1817; baseline 0.001 -20"><span class='ocrx_word' id='word_1_80' title='bbox 316 1738 542 1801; x_wconf 78' lang='lat' dir='ltr'><strong>accuratiorem</strong></span> <span class='ocrx_word' id='word_1_81' title='bbox 571 1739 724 1801; x_wconf 78' lang='lat' dir='ltr'><strong>notitiam·</strong></span> <span class='ocrx_word' id='word_1_82' title='bbox 741 1738 830 1801; x_wconf 90' lang='lat' dir='ltr'><strong>Plato</strong></span> <span class='ocrx_word' id='word_1_83' title='bbox 858 1738 999 1802; x_wconf 84' lang='lat' dir='ltr'><strong>hausisse</strong></span> <span class='ocrx_word' id='word_1_84' title='bbox 1020 1741 1144 1803; x_wconf 83' lang='lat' dir='ltr'><strong>demum</strong></span> <span class='ocrx_word' id='word_1_85' title='bbox 1165 1738 1306 1813; x_wconf 81' lang='lat' dir='ltr'><strong>ridetur,</strong></span> <span class='ocrx_word' id='word_1_86' title='bbox 1337 1757 1398 1817; x_wconf 88' lang='lat' dir='ltr'><strong>quo</strong></span> 
     </span>
     <span class='ocr_line' id='line_1_12' title="bbox 315 1841 1399 1922; baseline 0.003 -22"><span class='ocrx_word' id='word_1_87' title='bbox 315 1847 464 1919; x_wconf 85' lang='lat' dir='ltr'><strong>tempore</strong></span> <span class='ocrx_word' id='word_1_88' title='bbox 491 1841 674 1921; x_wconf 84' lang='lat' dir='ltr'><strong>aliquamdiu</strong></span> <span class='ocrx_word' id='word_1_89' title='bbox 709 1842 742 1903; x_wconf 85' lang='lat' dir='ltr'><strong>ln</strong></span> <span class='ocrx_word' id='word_1_90' title='bbox 769 1842 874 1904; x_wconf 84' lang='lat' dir='ltr'><strong>Sicilia</strong></span> <span class='ocrx_word' id='word_1_91' title='bbox 901 1848 935 1903; x_wconf 89' lang='lat' dir='ltr'><strong>et</strong></span> <span class='ocrx_word' id='word_1_92' title='bbox 962 1843 1094 1904; x_wconf 83' lang='lat' dir='ltr'><strong>Graecia</strong></span> <span class='ocrx_word' id='word_1_93' title='bbox 1126 1861 1237 1922; x_wconf 76' lang='lat' dir='ltr'><strong>magna</strong></span> <span class='ocrx_word' id='word_1_94' title='bbox 1264 1860 1399 1903; x_wconf 89' lang='lat' dir='ltr'><strong>commo-</strong></span> 
     </span>
     <span class='ocr_line' id='line_1_13' title="bbox 315 1945 1399 2026; baseline 0.001 -23"><span class='ocrx_word' id='word_1_95' title='bbox 315 1950 409 2004; x_wconf 87' lang='lat' dir='ltr'><strong>ratus</strong></span> <span class='ocrx_word' id='word_1_96' title='bbox 431 1949 490 2006; x_wconf 82' lang='lat' dir='ltr'><strong>est.</strong></span> <span class='ocrx_word' id='word_1_97' title='bbox 538 1946 629 2024; x_wconf 78' lang='lat' dir='ltr'><strong>Quod</strong></span> <span class='ocrx_word' id='word_1_98' title='bbox 653 1946 755 2026; x_wconf 85' lang='lat' dir='ltr'><strong>ipsum</strong></span> <span class='ocrx_word' id='word_1_99' title='bbox 784 1947 877 2006; x_wconf 88' lang='lat' dir='ltr'><strong>etiam</strong></span> <span class='ocrx_word' id='word_1_100' title='bbox 899 1946 940 2007; x_wconf 81' lang='lat' dir='ltr'><strong>le</strong></span> <span class='ocrx_word' id='word_1_101' title='bbox 961 1945 1092 2007; x_wconf 89' lang='lat' dir='ltr'><strong>Politico</strong></span> <span class='ocrx_word' id='word_1_102' title='bbox 1113 1945 1285 2007; x_wconf 85' lang='lat' dir='ltr'><strong>iudicamus</strong></span> <span class='ocrx_word' id='word_1_103' title='bbox 1305 1964 1399 2024; x_wconf 80' lang='lat' dir='ltr'><strong>quum</strong></span> 
     </span>
     <span class='ocr_line' id='line_1_14' title="bbox 317 2046 1398 2129; baseline 0.002 -24"><span class='ocrx_word' id='word_1_104' title='bbox 317 2047 397 2107; x_wconf 85' lang='lat' dir='ltr'><strong>alias</strong></span> <span class='ocrx_word' id='word_1_105' title='bbox 425 2048 466 2107; x_wconf 86' lang='lat' dir='ltr'><strong>ob</strong></span> <span class='ocrx_word' id='word_1_106' title='bbox 493 2067 635 2124; x_wconf 81' lang='lat' dir='ltr'><strong>cariosas,</strong></span> <span class='ocrx_word' id='word_1_107' title='bbox 663 2057 730 2111; x_wconf 88' lang='lat' dir='ltr'><strong>tum</strong></span> <span class='ocrx_word' id='word_1_108' title='bbox 764 2049 846 2128; x_wconf 82' lang='lat' dir='ltr'><strong>quod</strong></span> <span class='ocrx_word' id='word_1_109' title='bbox 871 2046 1124 2110; x_wconf 79' lang='lat' dir='ltr'><strong>Tennemonuum</strong></span> <span class='ocrx_word' id='word_1_110' title='bbox 1153 2048 1286 2129; x_wconf 82' lang='lat' dir='ltr'><strong>System.</strong></span> <span class='ocrx_word' id='word_1_111' title='bbox 1319 2048 1398 2108; x_wconf 87' lang='lat' dir='ltr'><strong>Plat.</strong></span> 
     </span>
     <span class='ocr_line' id='line_1_15' title="bbox 316 2150 1398 2233; baseline 0 -22"><span class='ocrx_word' id='word_1_112' title='bbox 316 2150 357 2212; x_wconf 83' lang='grc' dir='ltr'><strong>Τ.</strong></span> <span class='ocrx_word' id='word_1_113' title='bbox 379 2151 401 2210; x_wconf 88' lang='grc' dir='ltr'><strong>Ι.</strong></span> <span class='ocrx_word' id='word_1_114' title='bbox 424 2169 453 2230; x_wconf 89' lang='lat' dir='ltr'><strong>p.</strong></span> <span class='ocrx_word' id='word_1_115' title='bbox 476 2151 545 2214; x_wconf 77' lang='lat'>12⁰.</span> <span class='ocrx_word' id='word_1_116' title='bbox 573 2160 717 2233; x_wconf 83' lang='lat' dir='ltr'><strong>putamus</strong></span> <span class='ocrx_word' id='word_1_117' title='bbox 746 2171 784 2213; x_wconf 85' lang='lat' dir='ltr'><strong>ex</strong></span> <span class='ocrx_word' id='word_1_118' title='bbox 805 2173 834 2233; x_wconf 92' lang='lat' dir='ltr'><strong>p.</strong></span> <span class='ocrx_word' id='word_1_119' title='bbox 857 2154 930 2215; x_wconf 78' lang='grc'><strong>290.</strong></span> <span class='ocrx_word' id='word_1_120' title='bbox 944 2153 982 2215; x_wconf 87' lang='grc' dir='ltr'><strong>Ι).</strong></span> <span class='ocrx_word' id='word_1_121' title='bbox 1009 2152 1064 2214; x_wconf 89' lang='lat' dir='ltr'><strong>ubi</strong></span> <span class='ocrx_word' id='word_1_122' title='bbox 1086 2153 1209 2231; x_wconf 86' lang='lat' dir='ltr'><strong>publica</strong></span> <span class='ocrx_word' id='word_1_123' title='bbox 1230 2151 1398 2230; x_wconf 77' lang='lat' dir='ltr'><strong>Aegyptio-</strong></span> 
     </span>
     <span class='ocr_line' id='line_1_16' title="bbox 317 2254 1399 2330; baseline 0.002 -17"><span class='ocrx_word' id='word_1_124' title='bbox 317 2272 387 2313; x_wconf 87' lang='lat' dir='ltr'><strong>rum</strong></span> <span class='ocrx_word' id='word_1_125' title='bbox 410 2254 550 2316; x_wconf 90' lang='lat' dir='ltr'><strong>instituta</strong></span> <span class='ocrx_word' id='word_1_126' title='bbox 571 2261 792 2329; x_wconf 88' lang='lat' dir='ltr'><strong>memorantur,</strong></span> <span class='ocrx_word' id='word_1_127' title='bbox 814 2274 876 2317; x_wconf 95' lang='lat' dir='ltr'><strong>non</strong></span> <span class='ocrx_word' id='word_1_128' title='bbox 898 2264 1017 2316; x_wconf 89' lang='lat' dir='ltr'><strong>temere</strong></span> <span class='ocrx_word' id='word_1_129' title='bbox 1039 2257 1220 2330; x_wconf 86' lang='lat' dir='ltr'><strong>coniecisse,</strong></span> <span class='ocrx_word' id='word_1_130' title='bbox 1242 2273 1312 2315; x_wconf 90' lang='lat' dir='ltr'><strong>eum</strong></span> <span class='ocrx_word' id='word_1_131' title='bbox 1335 2255 1399 2315; x_wconf 84' lang='lat' dir='ltr'><strong>‹lia-</strong></span> 
     </span>
     <span class='ocr_line' id='line_1_17' title="bbox 317 2357 1399 2438; baseline 0.001 -20"><span class='ocrx_word' id='word_1_132' title='bbox 317 2357 426 2436; x_wconf 78' lang='lat' dir='ltr'><strong>logum</strong></span> <span class='ocrx_word' id='word_1_133' title='bbox 447 2363 519 2435; x_wconf 90' lang='lat' dir='ltr'><strong>post</strong></span> <span class='ocrx_word' id='word_1_134' title='bbox 539 2359 602 2419; x_wconf 89' lang='lat' dir='ltr'><strong>iter</strong></span> <span class='ocrx_word' id='word_1_135' title='bbox 622 2378 640 2419; x_wconf 91' lang='lat' dir='ltr'><strong>a</strong></span> <span class='ocrx_word' id='word_1_136' title='bbox 661 2358 849 2438; x_wconf 77' lang='lat' dir='ltr'><strong>philosopho</strong></span> <span class='ocrx_word' id='word_1_137' title='bbox 871 2359 903 2417; x_wconf 91' lang='lat' dir='ltr'><strong>in</strong></span> <span class='ocrx_word' id='word_1_138' title='bbox 917 2360 1091 2438; x_wconf 73' lang='lat' dir='ltr'><strong>Aegyptum</strong></span> <span class='ocrx_word' id='word_1_139' title='bbox 1115 2364 1290 2438; x_wconf 80' lang='lat' dir='ltr'><strong>sarsceptum</strong></span> <span class='ocrx_word' id='word_1_140' title='bbox 1315 2360 1399 2419; x_wconf 87' lang='lat' dir='ltr'><strong>litto·</strong></span> 
     </span>
     <span class='ocr_line' id='line_1_18' title="bbox 317 2459 1398 2540; baseline 0.003 -21"><span class='ocrx_word' id='word_1_141' title='bbox 317 2459 364 2519; x_wconf 85' lang='lat' dir='ltr'><strong>ris</strong></span> <span class='ocrx_word' id='word_1_142' title='bbox 386 2461 595 2538; x_wconf 75' lang='lat' dir='ltr'><strong>consignatum</strong></span> <span class='ocrx_word' id='word_1_143' title='bbox 619 2479 697 2522; x_wconf 86' lang='lat' dir='ltr'><strong>esse.</strong></span> <span class='ocrx_word' id='word_1_144' title='bbox 763 2462 826 2523; x_wconf 84' lang='lat' dir='ltr'><strong>Sed</strong></span> <span class='ocrx_word' id='word_1_145' title='bbox 853 2462 1017 2522; x_wconf 87' lang='lat' dir='ltr'><strong>redeamus</strong></span> <span class='ocrx_word' id='word_1_146' title='bbox 1038 2461 1069 2521; x_wconf 92' lang='lat' dir='ltr'><strong>in</strong></span> <span class='ocrx_word' id='word_1_147' title='bbox 1092 2461 1178 2520; x_wconf 79' lang='lat' dir='ltr'><strong>viam.</strong></span> <span class='ocrx_word' id='word_1_148' title='bbox 1245 2463 1398 2540; x_wconf 77' lang='lat' dir='ltr'><strong>Quemad-</strong></span> 
     </span>
     <span class='ocr_line' id='line_1_19' title="bbox 318 2561 1397 2642; baseline 0.004 -20"><span class='ocrx_word' id='word_1_149' title='bbox 318 2561 445 2623; x_wconf 83' lang='lat' dir='ltr'><strong>modum</strong></span> <span class='ocrx_word' id='word_1_150' title='bbox 481 2563 575 2641; x_wconf 77' lang='lat' dir='ltr'><strong>igitur</strong></span> <span class='ocrx_word' id='word_1_151' title='bbox 603 2564 635 2623; x_wconf 86' lang='lat' dir='ltr'><strong>in</strong></span> <span class='ocrx_word' id='word_1_152' title='bbox 664 2564 812 2637; x_wconf 81' lang='lat' dir='ltr'><strong>Philebo,</strong></span> <span class='ocrx_word' id='word_1_153' title='bbox 848 2564 1036 2642; x_wconf 84' lang='lat' dir='ltr'><strong>Republica,</strong></span> <span class='ocrx_word' id='word_1_154' title='bbox 1071 2562 1225 2642; x_wconf 73' lang='lat' dir='ltr'><strong>Legibus,</strong></span> <span class='ocrx_word' id='word_1_155' title='bbox 1259 2564 1397 2638; x_wconf 80' lang='lat' dir='ltr'><strong>Timaeo,</strong></span> 
     </span>
     <span class='ocr_line' id='line_1_20' title="bbox 319 2664 1397 2744; baseline 0.003 -19"><span class='ocrx_word' id='word_1_156' title='bbox 319 2664 435 2744; x_wconf 75' lang='lat' dir='ltr'><strong>singuli</strong></span> <span class='ocrx_word' id='word_1_157' title='bbox 467 2665 592 2742; x_wconf 79' lang='lat' dir='ltr'><strong>qtridam</strong></span> <span class='ocrx_word' id='word_1_158' title='bbox 626 2666 785 2727; x_wconf 87' lang='lat' dir='ltr'><strong>doctrinae</strong></span> <span class='ocrx_word' id='word_1_159' title='bbox 812 2666 991 2728; x_wconf 82' lang='lat' dir='ltr'><strong>Platonicae</strong></span> <span class='ocrx_word' id='word_1_160' title='bbox 1022 2665 1084 2726; x_wconf 89' lang='lat' dir='ltr'><strong>loci</strong></span> <span class='ocrx_word' id='word_1_161' title='bbox 1117 2666 1161 2725; x_wconf 91' lang='lat' dir='ltr'><strong>ita</strong></span> <span class='ocrx_word' id='word_1_162' title='bbox 1193 2666 1397 2739; x_wconf 74' lang='lat' dir='ltr'><strong>illuminantur,</strong></span> 
     </span>
     <span class='ocr_line' id='line_1_21' title="bbox 318 2769 1399 2849; baseline 0 -21"><span class='ocrx_word' id='word_1_163' title='bbox 318 2773 356 2828; x_wconf 89' lang='lat' dir='ltr'><strong>ut</strong></span> <span class='ocrx_word' id='word_1_164' title='bbox 391 2769 544 2846; x_wconf 85' lang='lat' dir='ltr'><strong>quoduam</strong></span> <span class='ocrx_word' id='word_1_165' title='bbox 587 2769 629 2828; x_wconf 90' lang='lat' dir='ltr'><strong>sit</strong></span> <span class='ocrx_word' id='word_1_166' title='bbox 669 2769 868 2848; x_wconf 91' lang='lat' dir='ltr'><strong>praecipuum</strong></span> <span class='ocrx_word' id='word_1_167' title='bbox 912 2769 1133 2849; x_wconf 76' lang='lat' dir='ltr'><strong>disputationis</strong></span> <span class='ocrx_word' id='word_1_168' title='bbox 1175 2779 1399 2844; x_wconf 81' lang='lat' dir='ltr'><strong>argumentum,</strong></span> 
     </span>
     <span class='ocr_line' id='line_1_22' title="bbox 319 2869 1400 2951; baseline -0.001 -20"><span class='ocrx_word' id='word_1_169' title='bbox 319 2869 445 2931; x_wconf 85' lang='lat' dir='ltr'><strong>minime</strong></span> <span class='ocrx_word' id='word_1_170' title='bbox 466 2873 572 2943; x_wconf 84' lang='lat' dir='ltr'><strong>lateat,</strong></span> <span class='ocrx_word' id='word_1_171' title='bbox 594 2871 638 2930; x_wconf 92' lang='lat' dir='ltr'><strong>ita</strong></span> <span class='ocrx_word' id='word_1_172' title='bbox 659 2871 692 2931; x_wconf 83' lang='lat' dir='ltr'><strong>in</strong></span> <span class='ocrx_word' id='word_1_173' title='bbox 713 2871 896 2943; x_wconf 82' lang='lat' dir='ltr'><strong>Tireaeteto,</strong></span> <span class='ocrx_word' id='word_1_174' title='bbox 919 2872 1077 2951; x_wconf 81' lang='lat' dir='ltr'><strong>Sophiste,</strong></span> <span class='ocrx_word' id='word_1_175' title='bbox 1101 2870 1293 2943; x_wconf 86' lang='lat' dir='ltr'><strong>Parmenide,</strong></span> <span class='ocrx_word' id='word_1_176' title='bbox 1316 2872 1400 2932; x_wconf 86' lang='lat' dir='ltr'><strong>Poli-</strong></span> 
     </span>
     <span class='ocr_line' id='line_1_23' title="bbox 318 2973 1401 3054; baseline -0.003 -19"><span class='ocrx_word' id='word_1_177' title='bbox 318 2975 401 3048; x_wconf 88' lang='lat' dir='ltr'><strong>tico,</strong></span> <span class='ocrx_word' id='word_1_178' title='bbox 431 2975 470 3035; x_wconf 89' lang='lat' dir='ltr'><strong>de</strong></span> <span class='ocrx_word' id='word_1_179' title='bbox 492 2995 530 3034; x_wconf 90' lang='lat' dir='ltr'><strong>eo</strong></span> <span class='ocrx_word' id='word_1_180' title='bbox 555 2974 636 3052; x_wconf 86' lang='lat' dir='ltr'><strong>quod</strong></span> <span class='ocrx_word' id='word_1_181' title='bbox 660 2980 709 3033; x_wconf 88' lang='lat' dir='ltr'><strong>est</strong></span> <span class='ocrx_word' id='word_1_182' title='bbox 732 2975 833 3054; x_wconf 84' lang='lat' dir='ltr'><strong>deque</strong></span> <span class='ocrx_word' id='word_1_183' title='bbox 855 2976 993 3037; x_wconf 83' lang='lat' dir='ltr'><strong>veritatis</strong></span> <span class='ocrx_word' id='word_1_184' title='bbox 1016 2974 1195 3054; x_wconf 74' lang='lat' dir='ltr'><strong>cognitione</strong></span> <span class='ocrx_word' id='word_1_185' title='bbox 1215 2993 1251 3034; x_wconf 93' lang='lat' dir='ltr'><strong>ac</strong></span> <span class='ocrx_word' id='word_1_186' title='bbox 1272 2973 1401 3033; x_wconf 83' lang='lat' dir='ltr'><strong>scicntia</strong></span> 
     </span>
     <span class='ocr_line' id='line_1_24' title="bbox 317 3078 1401 3160; baseline 0.001 -23"><span class='ocrx_word' id='word_1_187' title='bbox 317 3078 467 3158; x_wconf 77' lang='lat' dir='ltr'><strong>pectiliari</strong></span> <span class='ocrx_word' id='word_1_188' title='bbox 495 3097 589 3156; x_wconf 89' lang='lat' dir='ltr'><strong>opera</strong></span> <span class='ocrx_word' id='word_1_189' title='bbox 619 3079 816 3157; x_wconf 72' lang='lat' dir='ltr'><strong>disquiritur,</strong></span> <span class='ocrx_word' id='word_1_190' title='bbox 844 3080 887 3140; x_wconf 91' lang='lat' dir='ltr'><strong>ita</strong></span> <span class='ocrx_word' id='word_1_191' title='bbox 915 3079 1057 3160; x_wconf 86' lang='lat' dir='ltr'><strong>quidem,</strong></span> <span class='ocrx_word' id='word_1_192' title='bbox 1090 3084 1125 3138; x_wconf 89' lang='lat' dir='ltr'><strong>ut</strong></span> <span class='ocrx_word' id='word_1_193' title='bbox 1152 3087 1311 3157; x_wconf 89' lang='lat' dir='ltr'><strong>postremo</strong></span> <span class='ocrx_word' id='word_1_194' title='bbox 1334 3096 1401 3138; x_wconf 89' lang='lat' dir='ltr'><strong>ser-</strong></span> 
     </span>
     <span class='ocr_line' id='line_1_25' title="bbox 318 3182 1401 3260; baseline -0.001 -17"><span class='ocrx_word' id='word_1_195' title='bbox 318 3200 413 3243; x_wconf 86' lang='lat' dir='ltr'><strong>mone</strong></span> <span class='ocrx_word' id='word_1_196' title='bbox 434 3182 527 3241; x_wconf 88' lang='lat' dir='ltr'><strong>etiam</strong></span> <span class='ocrx_word' id='word_1_197' title='bbox 550 3183 745 3258; x_wconf 86' lang='lat' dir='ltr'><strong>ostendatur,</strong></span> <span class='ocrx_word' id='word_1_198' title='bbox 779 3182 936 3244; x_wconf 82' lang='lat' dir='ltr'><strong>scientiam</strong></span> <span class='ocrx_word' id='word_1_199' title='bbox 960 3183 1084 3244; x_wconf 90' lang='lat' dir='ltr'><strong>nomine</strong></span> <span class='ocrx_word' id='word_1_200' title='bbox 1105 3202 1163 3244; x_wconf 91' lang='lat' dir='ltr'><strong>suo</strong></span> <span class='ocrx_word' id='word_1_201' title='bbox 1185 3183 1307 3260; x_wconf 79' lang='lat' dir='ltr'><strong>dignam</strong></span> <span class='ocrx_word' id='word_1_202' title='bbox 1331 3201 1401 3242; x_wconf 88' lang='lat' dir='ltr'><strong>esse</strong></span> 
     </span>
     <span class='ocr_line' id='line_1_26' title="bbox 319 3284 1399 3366; baseline 0 -19"><span class='ocrx_word' id='word_1_203' title='bbox 319 3284 402 3347; x_wconf 79' lang='lat' dir='ltr'><strong>tere</strong></span> <span class='ocrx_word' id='word_1_204' title='bbox 429 3285 646 3363; x_wconf 80' lang='lat' dir='ltr'><strong>sapienterque</strong></span> <span class='ocrx_word' id='word_1_205' title='bbox 674 3287 785 3366; x_wconf 81' lang='lat' dir='ltr'><strong>agendi</strong></span> <span class='ocrx_word' id='word_1_206' title='bbox 807 3286 998 3349; x_wconf 76' lang='lat' dir='ltr'><strong>effectricem</strong></span> <span class='ocrx_word' id='word_1_207' title='bbox 1032 3307 1120 3349; x_wconf 78' lang='lat' dir='ltr'><strong>tinam</strong></span> <span class='ocrx_word' id='word_1_208' title='bbox 1152 3288 1287 3347; x_wconf 90' lang='lat' dir='ltr'><strong>omnium</strong></span> <span class='ocrx_word' id='word_1_209' title='bbox 1318 3288 1399 3366; x_wconf 88' lang='lat' dir='ltr'><strong>opti-</strong></span> 
     </span>
     <span class='ocr_line' id='line_1_27' title="bbox 319 3387 1399 3469; baseline 0.002 -18"><span class='ocrx_word' id='word_1_210' title='bbox 319 3406 410 3451; x_wconf 79' lang='lat' dir='ltr'><strong>mam.</strong></span> <span class='ocrx_word' id='word_1_211' title='bbox 455 3389 583 3466; x_wconf 82' lang='lat' dir='ltr'><strong>Exque</strong></span> <span class='ocrx_word' id='word_1_212' title='bbox 610 3387 676 3465; x_wconf 82' lang='lat' dir='ltr'><strong>qrtia</strong></span> <span class='ocrx_word' id='word_1_213' title='bbox 698 3397 747 3449; x_wconf 87' lang='lat' dir='ltr'><strong>est</strong></span> <span class='ocrx_word' id='word_1_214' title='bbox 769 3390 841 3469; x_wconf 88' lang='lat' dir='ltr'><strong>quin</strong></span> <span class='ocrx_word' id='word_1_215' title='bbox 864 3393 1010 3451; x_wconf 87' lang='lat' dir='ltr'><strong>continuo</strong></span> <span class='ocrx_word' id='word_1_216' title='bbox 1033 3391 1195 3468; x_wconf 69' lang='lat' dir='ltr'><strong>intelligat,</strong></span> <span class='ocrx_word' id='word_1_217' title='bbox 1219 3408 1275 3450; x_wconf 89' lang='lat' dir='ltr'><strong>cur</strong></span> <span class='ocrx_word' id='word_1_218' title='bbox 1295 3392 1326 3451; x_wconf 94' lang='lat' dir='ltr'><strong>in</strong></span> <span class='ocrx_word' id='word_1_219' title='bbox 1348 3391 1399 3454; x_wconf 83' lang='lat' dir='ltr'><strong>laia</strong></span> 
     </span>
     <span class='ocr_line' id='line_1_28' title="bbox 319 3478 1399 3572; baseline 0 -19"><span class='ocrx_word' id='word_1_220' title='bbox 319 3491 410 3553; x_wconf 84' lang='lat' dir='ltr'><strong>libris</strong></span> <span class='ocrx_word' id='word_1_221' title='bbox 443 3492 484 3552; x_wconf 80' lang='lat' dir='ltr'><strong>tle</strong></span> <span class='ocrx_word' id='word_1_222' title='bbox 511 3510 614 3551; x_wconf 89' lang='lat' dir='ltr'><strong>rerum</strong></span> <span class='ocrx_word' id='word_1_223' title='bbox 645 3489 741 3572; x_wconf 77' lang='grc' dir='ltr'><em>οὐσίᾳ</em></span> <span class='ocrx_word' id='word_1_224' title='bbox 769 3498 862 3571; x_wconf 88' lang='lat' dir='ltr'><strong>atque</strong></span> <span class='ocrx_word' id='word_1_225' title='bbox 889 3494 1065 3571; x_wconf 73' lang='lat' dir='ltr'><strong>cognitione</strong></span> <span class='ocrx_word' id='word_1_226' title='bbox 1092 3498 1153 3551; x_wconf 89' lang='lat' dir='ltr'><strong>tam</strong></span> <span class='ocrx_word' id='word_1_227' title='bbox 1183 3478 1279 3553; x_wconf 77' lang='lat' dir='ltr'><strong>mrtlta</strong></span> <span class='ocrx_word' id='word_1_228' title='bbox 1301 3493 1399 3553; x_wconf 81' lang='lat' dir='ltr'><strong>‹lisse-</strong></span> 
     </span>
     <span class='ocr_line' id='line_1_29' title="bbox 319 3596 1399 3676; baseline -0.002 -19"><span class='ocrx_word' id='word_1_229' title='bbox 319 3602 445 3669; x_wconf 88' lang='lat' dir='ltr'><strong>rantur,</strong></span> <span class='ocrx_word' id='word_1_230' title='bbox 477 3614 556 3675; x_wconf 86' lang='lat' dir='ltr'><strong>quae</strong></span> <span class='ocrx_word' id='word_1_231' title='bbox 577 3597 603 3656; x_wconf 87' lang='lat' dir='ltr'><strong>ai</strong></span> <span class='ocrx_word' id='word_1_232' title='bbox 634 3597 707 3657; x_wconf 89' lang='lat' dir='ltr'><strong>alibi</strong></span> <span class='ocrx_word' id='word_1_233' title='bbox 730 3617 874 3676; x_wconf 84' lang='lat' dir='ltr'><strong>quaeras,</strong></span> <span class='ocrx_word' id='word_1_234' title='bbox 906 3615 1031 3676; x_wconf 85' lang='lat' dir='ltr'><strong>operam</strong></span> <span class='ocrx_word' id='word_1_235' title='bbox 1055 3600 1148 3674; x_wconf 86' lang='lat' dir='ltr'><strong>atque</strong></span> <span class='ocrx_word' id='word_1_236' title='bbox 1170 3597 1273 3656; x_wconf 94' lang='lat' dir='ltr'><strong>oleum</strong></span> <span class='ocrx_word' id='word_1_237' title='bbox 1295 3596 1399 3674; x_wconf 84' lang='lat' dir='ltr'><strong>perdi-</strong></span> 
     </span>
    </p>
   </div>
   <div class='ocr_carea' id='block_1_5' title="bbox 319 3697 1399 3781">
    <p class='ocr_par' dir='ltr' id='par_1_5' title="bbox 319 3697 1506 3785">
     <span class='ocr_line' id='line_1_30' title="bbox 319 3697 1399 3781; baseline 0.003 -24"><span class='ocrx_word' id='word_1_238' title='bbox 319 3697 430 3758; x_wconf 76' lang='lat' dir='ltr'><strong>deris?</strong></span> <span class='ocrx_word' id='word_1_239' title='bbox 473 3698 622 3760; x_wconf 79' lang='lat' dir='ltr'><strong>Nimirum</strong></span> <span class='ocrx_word' id='word_1_240' title='bbox 650 3721 786 3773; x_wconf 84' lang='lat' dir='ltr'><strong>necea,</strong></span> <span class='ocrx_word' id='word_1_241' title='bbox 826 3720 904 3781; x_wconf 88' lang='lat' dir='ltr'><strong>quae</strong></span> <span class='ocrx_word' id='word_1_242' title='bbox 935 3703 965 3761; x_wconf 89' lang='lat' dir='ltr'><strong>in</strong></span> <span class='ocrx_word' id='word_1_243' title='bbox 990 3700 1120 3761; x_wconf 88' lang='lat' dir='ltr'><strong>Philebo</strong></span> <span class='ocrx_word' id='word_1_244' title='bbox 1149 3706 1202 3760; x_wconf 91' lang='lat' dir='ltr'><strong>ant</strong></span> <span class='ocrx_word' id='word_1_245' title='bbox 1229 3699 1399 3778; x_wconf 87' lang='lat' dir='ltr'><strong>Republica</strong></span> 
     </span>
    </p>
   </div>
   <div class='ocr_carea' id='block_1_6' title="bbox 318 3801 1403 4708">
    <p class='ocr_par' dir='ltr' id='par_1_6' title="bbox 318 3801 1400 4088">
     <span class='ocr_line' id='line_1_31' title="bbox 319 3801 1400 3884; baseline 0 -21"><span class='ocrx_word' id='word_1_246' title='bbox 319 3812 375 3863; x_wconf 84' lang='lat' dir='ltr'><strong>aut</strong></span> <span class='ocrx_word' id='word_1_247' title='bbox 395 3801 523 3862; x_wconf 80' lang='lat' dir='ltr'><strong>Timaeo</strong></span> <span class='ocrx_word' id='word_1_248' title='bbox 557 3806 682 3883; x_wconf 90' lang='lat' dir='ltr'><strong>copiose</strong></span> <span class='ocrx_word' id='word_1_249' title='bbox 704 3805 852 3884; x_wconf 82' lang='lat' dir='ltr'><strong>explicata</strong></span> <span class='ocrx_word' id='word_1_250' title='bbox 873 3810 964 3878; x_wconf 89' lang='lat' dir='ltr'><strong>sunt,</strong></span> <span class='ocrx_word' id='word_1_251' title='bbox 991 3804 1022 3864; x_wconf 94' lang='lat' dir='ltr'><strong>in</strong></span> <span class='ocrx_word' id='word_1_252' title='bbox 1046 3804 1244 3878; x_wconf 88' lang='lat' dir='ltr'><strong>Parmenide,</strong></span> <span class='ocrx_word' id='word_1_253' title='bbox 1277 3802 1400 3863; x_wconf 83' lang='lat' dir='ltr'><strong>Theae-</strong></span> 
     </span>
     <span class='ocr_line' id='line_1_32' title="bbox 318 3905 1399 3988; baseline 0.002 -24"><span class='ocrx_word' id='word_1_254' title='bbox 318 3913 399 3976; x_wconf 84' lang='lat' dir='ltr'><strong>teto,</strong></span> <span class='ocrx_word' id='word_1_255' title='bbox 421 3905 577 3983; x_wconf 89' lang='lat' dir='ltr'><strong>Sophista,</strong></span> <span class='ocrx_word' id='word_1_256' title='bbox 592 3908 938 3988; x_wconf 29' lang='lat' dir='ltr'><strong>&#39;Politico‘reperimuu</strong></span> <span class='ocrx_word' id='word_1_257' title='bbox 963 3908 1084 3969; x_wconf 89' lang='lat' dir='ltr'><strong>etiamsi</strong></span> <span class='ocrx_word' id='word_1_258' title='bbox 1106 3906 1227 3986; x_wconf 74' lang='lat' dir='ltr'><strong>singulo</strong></span> <span class='ocrx_word' id='word_1_259' title='bbox 1249 3905 1399 3984; x_wconf 80' lang='lat' dir='ltr'><strong>qaiaedam</strong></span> 
     </span>
     <span class='ocr_line' id='line_1_33' title="bbox 318 4008 1400 4088; baseline 0.003 -20"><span class='ocrx_word' id='word_1_260' title='bbox 318 4008 447 4085; x_wconf 91' lang='lat' dir='ltr'><strong>placita,</strong></span> <span class='ocrx_word' id='word_1_261' title='bbox 476 4010 567 4070; x_wconf 82' lang='lat' dir='ltr'><strong>sicuti</strong></span> <span class='ocrx_word' id='word_1_262' title='bbox 595 4020 831 4072; x_wconf 88' lang='lat' dir='ltr'><strong>consentaneum</strong></span> <span class='ocrx_word' id='word_1_263' title='bbox 867 4017 931 4086; x_wconf 91' lang='lat' dir='ltr'><strong>est,</strong></span> <span class='ocrx_word' id='word_1_264' title='bbox 966 4012 997 4071; x_wconf 87' lang='lat' dir='ltr'><strong>ln</strong></span> <span class='ocrx_word' id='word_1_265' title='bbox 1028 4010 1170 4088; x_wconf 84' lang='lat' dir='ltr'><strong>utrisque</strong></span> <span class='ocrx_word' id='word_1_266' title='bbox 1196 4010 1400 4071; x_wconf 81' lang='lat' dir='ltr'><strong>inveniuntur.</strong></span> 
     </span>
    </p>

    <p class='ocr_par' dir='ltr' id='par_1_7' title="bbox 319 4111 1403 4708">
     <span class='ocr_line' id='line_1_34' title="bbox 385 4111 1395 4193; baseline -0.001 -21"><span class='ocrx_word' id='word_1_267' title='bbox 385 4111 449 4172; x_wconf 84' lang='lat' dir='ltr'><strong>Sed</strong></span> <span class='ocrx_word' id='word_1_268' title='bbox 471 4112 532 4173; x_wconf 90' lang='lat' dir='ltr'><strong>huc</strong></span> <span class='ocrx_word' id='word_1_269' title='bbox 554 4115 636 4173; x_wconf 89' lang='lat' dir='ltr'><strong>aliud</strong></span> <span class='ocrx_word' id='word_1_270' title='bbox 666 4114 740 4192; x_wconf 72' lang='lat' dir='ltr'><strong>quiid</strong></span> <span class='ocrx_word' id='word_1_271' title='bbox 763 4116 890 4188; x_wconf 89' lang='lat' dir='ltr'><strong>accedit,</strong></span> <span class='ocrx_word' id='word_1_272' title='bbox 914 4117 1037 4193; x_wconf 86' lang='lat' dir='ltr'><strong>dequo</strong></span> <span class='ocrx_word' id='word_1_273' title='bbox 1061 4113 1119 4172; x_wconf 87' lang='lat' dir='ltr'><strong>iam</strong></span> <span class='ocrx_word' id='word_1_274' title='bbox 1143 4117 1234 4172; x_wconf 89' lang='lat' dir='ltr'><strong>autea</strong></span> <span class='ocrx_word' id='word_1_275' title='bbox 1255 4111 1395 4174; x_wconf 80' lang='lat' dir='ltr'><strong>diximus.</strong></span> 
     </span>
     <span class='ocr_line' id='line_1_35' title="bbox 320 4212 1400 4294; baseline -0.001 -20"><span class='ocrx_word' id='word_1_276' title='bbox 320 4212 500 4294; x_wconf 77' lang='lat' dir='ltr'><strong>Numquae</strong></span> <span class='ocrx_word' id='word_1_277' title='bbox 526 4216 557 4277; x_wconf 93' lang='lat' dir='ltr'><strong>in</strong></span> <span class='ocrx_word' id='word_1_278' title='bbox 586 4218 654 4276; x_wconf 83' lang='lat' dir='ltr'><strong>aliis</strong></span> <span class='ocrx_word' id='word_1_279' title='bbox 681 4217 769 4278; x_wconf 87' lang='lat' dir='ltr'><strong>libris</strong></span> <span class='ocrx_word' id='word_1_280' title='bbox 798 4219 837 4279; x_wconf 89' lang='lat' dir='ltr'><strong>de</strong></span> <span class='ocrx_word' id='word_1_281' title='bbox 857 4219 995 4277; x_wconf 85' lang='lat' dir='ltr'><strong>idearum</strong></span> <span class='ocrx_word' id='word_1_282' title='bbox 1020 4214 1160 4276; x_wconf 86' lang='lat' dir='ltr'><strong>doctrina</strong></span> <span class='ocrx_word' id='word_1_283' title='bbox 1182 4214 1279 4294; x_wconf 79' lang='lat' dir='ltr'><strong>magis</strong></span> <span class='ocrx_word' id='word_1_284' title='bbox 1300 4233 1400 4294; x_wconf 87' lang='lat' dir='ltr'><strong>popu-</strong></span> 
     </span>
     <span class='ocr_line' id='line_1_36' title="bbox 319 4317 1403 4399; baseline 0.001 -22"><span class='ocrx_word' id='word_1_285' title='bbox 319 4317 430 4378; x_wconf 86' lang='lat' dir='ltr'><strong>lariter</strong></span> <span class='ocrx_word' id='word_1_286' title='bbox 452 4324 484 4377; x_wconf 91' lang='lat' dir='ltr'><strong>et</strong></span> <span class='ocrx_word' id='word_1_287' title='bbox 506 4319 543 4379; x_wconf 86' lang='lat' dir='ltr'><strong>ad</strong></span> <span class='ocrx_word' id='word_1_288' title='bbox 566 4321 735 4399; x_wconf 80' lang='lat' dir='ltr'><strong>vulgarium</strong></span> <span class='ocrx_word' id='word_1_289' title='bbox 758 4321 916 4383; x_wconf 84' lang='lat' dir='ltr'><strong>hominum</strong></span> <span class='ocrx_word' id='word_1_290' title='bbox 945 4327 1067 4399; x_wconf 89' lang='lat' dir='ltr'><strong>captum</strong></span> <span class='ocrx_word' id='word_1_291' title='bbox 1096 4317 1326 4380; x_wconf 85' lang='lat' dir='ltr'><strong>accommodate</strong></span> <span class='ocrx_word' id='word_1_292' title='bbox 1348 4336 1403 4378; x_wconf 79' lang='lat' dir='ltr'><strong>ex·</strong></span> 
     </span>
     <span class='ocr_line' id='line_1_37' title="bbox 319 4421 1401 4504; baseline 0.002 -23"><span class='ocrx_word' id='word_1_293' title='bbox 319 4421 490 4500; x_wconf 86' lang='lat' dir='ltr'><strong>plicantur,</strong></span> <span class='ocrx_word' id='word_1_294' title='bbox 528 4441 563 4482; x_wconf 86' lang='lat' dir='ltr'><strong>ea</strong></span> <span class='ocrx_word' id='word_1_295' title='bbox 591 4425 621 4484; x_wconf 94' lang='lat' dir='ltr'><strong>in</strong></span> <span class='ocrx_word' id='word_1_296' title='bbox 650 4424 833 4486; x_wconf 85' lang='lat' dir='ltr'><strong>Parmenide</strong></span> <span class='ocrx_word' id='word_1_297' title='bbox 861 4425 986 4504; x_wconf 88' lang='lat' dir='ltr'><strong>quidem</strong></span> <span class='ocrx_word' id='word_1_298' title='bbox 1016 4423 1177 4483; x_wconf 85' lang='lat' dir='ltr'><strong>dialectice</strong></span> <span class='ocrx_word' id='word_1_299' title='bbox 1205 4428 1401 4502; x_wconf 82' lang='lat' dir='ltr'><strong>exponuntur</strong></span> 
     </span>
     <span class='ocr_line' id='line_1_38' title="bbox 319 4524 1399 4606; baseline 0.004 -22"><span class='ocrx_word' id='word_1_300' title='bbox 319 4524 375 4598; x_wconf 84' lang='lat' dir='ltr'><strong>aio,</strong></span> <span class='ocrx_word' id='word_1_301' title='bbox 398 4532 434 4584; x_wconf 92' lang='lat' dir='ltr'><strong>ut</strong></span> <span class='ocrx_word' id='word_1_302' title='bbox 455 4531 540 4584; x_wconf 92' lang='lat' dir='ltr'><strong>totus</strong></span> <span class='ocrx_word' id='word_1_303' title='bbox 562 4525 612 4585; x_wconf 79' lang='lat' dir='ltr'><strong>lric</strong></span> <span class='ocrx_word' id='word_1_304' title='bbox 633 4527 720 4587; x_wconf 86' lang='lat' dir='ltr'><strong>locus</strong></span> <span class='ocrx_word' id='word_1_305' title='bbox 749 4528 896 4606; x_wconf 77' lang='lat' dir='ltr'><strong>singulari</strong></span> <span class='ocrx_word' id='word_1_306' title='bbox 928 4546 996 4587; x_wconf 89' lang='lat' dir='ltr'><strong>cum</strong></span> <span class='ocrx_word' id='word_1_307' title='bbox 1019 4526 1190 4586; x_wconf 81' lang='lat' dir='ltr'><strong>arrbtilitate</strong></span> <span class='ocrx_word' id='word_1_308' title='bbox 1212 4524 1250 4585; x_wconf 89' lang='lat' dir='ltr'><strong>ad</strong></span> <span class='ocrx_word' id='word_1_309' title='bbox 1274 4543 1399 4588; x_wconf 79' lang='lat' dir='ltr'><strong>caussas</strong></span> 
     </span>
     <span class='ocr_line' id='line_1_39' title="bbox 319 4627 1399 4708; baseline 0.002 -20"><span class='ocrx_word' id='word_1_310' title='bbox 319 4646 392 4688; x_wconf 81' lang='lat' dir='ltr'><strong>suaa</strong></span> <span class='ocrx_word' id='word_1_311' title='bbox 414 4634 447 4686; x_wconf 92' lang='lat' dir='ltr'><strong>et</strong></span> <span class='ocrx_word' id='word_1_312' title='bbox 469 4629 619 4707; x_wconf 87' lang='lat' dir='ltr'><strong>principia</strong></span> <span class='ocrx_word' id='word_1_313' title='bbox 641 4637 813 4692; x_wconf 78' lang='lat' dir='ltr'><strong>revocetur.</strong></span> <span class='ocrx_word' id='word_1_314' title='bbox 834 4629 901 4707; x_wconf 79' lang='lat' dir='ltr'><strong>Qua</strong></span> <span class='ocrx_word' id='word_1_315' title='bbox 922 4631 954 4690; x_wconf 88' lang='lat' dir='ltr'><strong>iu</strong></span> <span class='ocrx_word' id='word_1_316' title='bbox 977 4647 1012 4688; x_wconf 87' lang='lat' dir='ltr'><strong>ro</strong></span> <span class='ocrx_word' id='word_1_317' title='bbox 1033 4628 1225 4708; x_wconf 85' lang='lat' dir='ltr'><strong>auspicamur</strong></span> <span class='ocrx_word' id='word_1_318' title='bbox 1239 4627 1399 4690; x_wconf 68' lang='lat' dir='ltr'><strong>Platonem</strong></span> 
     </span>
    </p>
   </div>
   <div class='ocr_carea' id='block_1_7' title="bbox 0 0 1894 5442">
    <p class='ocr_par' dir='ltr' id='par_1_8' title="bbox 0 0 1894 5442">
     <span class='ocr_line' id='line_1_40' title="bbox 0 0 1894 5442; baseline 0 0"><span class='ocrx_word' id='word_1_319' title='bbox 0 0 1894 5442; x_wconf 95' lang='lat' dir='ltr'><strong> </strong></span> 
     </span>
    </p>
   </div>
  </div>
 </body>
</html>
