<?xml version="1.0" encoding="UTF-8"?>
<!DOCTYPE html PUBLIC "-//W3C//DTD XHTML 1.0 Transitional//EN"
    "http://www.w3.org/TR/xhtml1/DTD/xhtml1-transitional.dtd">
<html xmlns="http://www.w3.org/1999/xhtml" xml:lang="en" lang="en">
 <head>
  <title>
</title>
<meta http-equiv="Content-Type" content="text/html;charset=utf-8" />
  <meta name='ocr-system' content='tesseract 3.04.00' />
  <meta name='ocr-capabilities' content='ocr_page ocr_carea ocr_par ocr_line ocrx_word'/>
</head>
<body>
  <div class='ocr_page' id='page_1' title='image "./parmenidescumqu00platgoog_0335.png"; bbox 0 0 3775 5442; ppageno 0'>
   <div class='ocr_carea' id='block_1_1' title="bbox 652 660 1434 729">
    <p class='ocr_par' dir='ltr' id='par_1_1' title="bbox 652 660 1434 729">
     <span class='ocr_line' id='line_1_1' title="bbox 652 660 1434 729; baseline 0.012 -9"><span class='ocrx_word' id='word_1_1' title='bbox 652 660 738 721; x_wconf 80' lang='lat' dir='ltr'><strong>blber</strong></span> <span class='ocrx_word' id='word_1_2' title='bbox 758 663 912 724; x_wconf 69' lang='lat' dir='ltr'><strong>amandas</strong></span> <span class='ocrx_word' id='word_1_3' title='bbox 955 661 1057 722; x_wconf 78' lang='lat' dir='ltr'><strong>Saotio</strong></span> <span class='ocrx_word' id='word_1_4' title='bbox 1080 661 1127 723; x_wconf 79' lang='lat' dir='ltr'><strong>ill</strong></span> <span class='ocrx_word' id='word_1_5' title='bbox 1370 664 1434 729; x_wconf 68' lang='lat'><strong>277</strong></span> 
     </span>
    </p>
   </div>
   <div class='ocr_carea' id='block_1_2' title="bbox 343 805 1510 1825">
    <p class='ocr_par' dir='ltr' id='par_1_2' title="bbox 343 805 1510 1825">
     <span class='ocr_line' id='line_1_2' title="bbox 350 805 1432 919; baseline 0.006 -25"><span class='ocrx_word' id='word_1_6' title='bbox 350 834 444 913; x_wconf 64' lang='lat' dir='ltr'><strong>pur,</strong></span> <span class='ocrx_word' id='word_1_7' title='bbox 467 805 519 914; x_wconf 70' lang='lat' dir='ltr'><strong>qia</strong></span> <span class='ocrx_word' id='word_1_8' title='bbox 539 832 609 894; x_wconf 70' lang='lat' dir='ltr'><strong>sm</strong></span> <span class='ocrx_word' id='word_1_9' title='bbox 631 834 778 913; x_wconf 78' lang='lat' dir='ltr'><strong>potuerit,</strong></span> <span class='ocrx_word' id='word_1_10' title='bbox 802 840 837 895; x_wconf 84' lang='lat' dir='ltr'><strong>ut</strong></span> <span class='ocrx_word' id='word_1_11' title='bbox 855 833 946 895; x_wconf 68' lang='lat' dir='ltr'><strong>uas</strong></span> <span class='ocrx_word' id='word_1_12' title='bbox 967 835 1000 895; x_wconf 81' lang='lat' dir='ltr'><strong>n</strong></span> <span class='ocrx_word' id='word_1_13' title='bbox 1021 834 1085 897; x_wconf 72' lang='lat' dir='ltr'><strong>noa</strong></span> <span class='ocrx_word' id='word_1_14' title='bbox 1104 835 1188 900; x_wconf 75' lang='grc' dir='ltr'>ιιιω</span> <span class='ocrx_word' id='word_1_15' title='bbox 1200 846 1268 919; x_wconf 47' lang='lat' dir='ltr'><strong>‘par</strong></span> <span class='ocrx_word' id='word_1_16' title='bbox 1288 856 1324 900; x_wconf 70' lang='lat' dir='ltr'><strong>aa</strong></span> <span class='ocrx_word' id='word_1_17' title='bbox 1345 856 1432 901; x_wconf 63' lang='lat' dir='ltr'><strong>aar.</strong></span> 
     </span>
     <span class='ocr_line' id='line_1_3' title="bbox 349 938 1432 1002; baseline 0.006 -6"><span class='ocrx_word' id='word_1_18' title='bbox 349 957 417 998; x_wconf 87' lang='lat' dir='ltr'><strong>sum</strong></span> <span class='ocrx_word' id='word_1_19' title='bbox 441 938 712 1000; x_wconf 73' lang='lat' dir='ltr'><strong>considerarentur</strong></span> <span class='ocrx_word' id='word_1_20' title='bbox 732 945 764 996; x_wconf 88' lang='lat' dir='ltr'><strong>et</strong></span> <span class='ocrx_word' id='word_1_21' title='bbox 785 938 1025 1000; x_wconf 72' lang='lat' dir='ltr'><strong>illustrarentur.</strong></span> <span class='ocrx_word' id='word_1_22' title='bbox 1089 939 1159 1001; x_wconf 85' lang='lat' dir='ltr'><strong>iloo</strong></span> <span class='ocrx_word' id='word_1_23' title='bbox 1180 950 1275 1000; x_wconf 87' lang='grc' dir='ltr'>ιιιιιιιιι</span> <span class='ocrx_word' id='word_1_24' title='bbox 1302 941 1336 1002; x_wconf 88' lang='lat' dir='ltr'><strong>in</strong></span> <span class='ocrx_word' id='word_1_25' title='bbox 1357 941 1432 1002; x_wconf 81' lang='lat' dir='ltr'><strong>l’sr·</strong></span> 
     </span>
     <span class='ocr_line' id='line_1_4' title="bbox 349 1040 1431 1123; baseline 0.005 -22"><span class='ocrx_word' id='word_1_26' title='bbox 349 1041 473 1102; x_wconf 77' lang='lat' dir='ltr'><strong>menide</strong></span> <span class='ocrx_word' id='word_1_27' title='bbox 494 1059 523 1120; x_wconf 89' lang='lat' dir='ltr'><strong>p.</strong></span> <span class='ocrx_word' id='word_1_28' title='bbox 543 1040 615 1102; x_wconf 70' lang='lat'><strong>1³4.</strong></span> <span class='ocrx_word' id='word_1_29' title='bbox 628 1040 664 1101; x_wconf 85' lang='lat' dir='ltr'><strong>l).</strong></span> <span class='ocrx_word' id='word_1_30' title='bbox 692 1040 790 1106; x_wconf 76' lang='lat' dir='ltr'><strong>veluti</strong></span> <span class='ocrx_word' id='word_1_31' title='bbox 811 1059 869 1120; x_wconf 84' lang='lat' dir='ltr'><strong>per</strong></span> <span class='ocrx_word' id='word_1_32' title='bbox 890 1042 1084 1104; x_wconf 78' lang='lat' dir='ltr'><strong>occasionem</strong></span> <span class='ocrx_word' id='word_1_33' title='bbox 1106 1042 1309 1123; x_wconf 74' lang='lat' dir='ltr'><strong>significatur,</strong></span> <span class='ocrx_word' id='word_1_34' title='bbox 1332 1043 1431 1106; x_wconf 84' lang='lat' dir='ltr'><strong>ileum</strong></span> 
     </span>
     <span class='ocr_line' id='line_1_5' title="bbox 348 1143 1431 1225; baseline 0.002 -19"><span class='ocrx_word' id='word_1_35' title='bbox 348 1163 420 1206; x_wconf 80' lang='lat' dir='ltr'><strong>ease</strong></span> <span class='ocrx_word' id='word_1_36' title='bbox 441 1145 479 1203; x_wconf 92' lang='lat' dir='ltr'><strong>ab</strong></span> <span class='ocrx_word' id='word_1_37' title='bbox 505 1143 584 1205; x_wconf 86' lang='lat' dir='ltr'><strong>ideis</strong></span> <span class='ocrx_word' id='word_1_38' title='bbox 615 1144 768 1205; x_wconf 83' lang='lat' dir='ltr'><strong>divorsum</strong></span> <span class='ocrx_word' id='word_1_39' title='bbox 792 1162 960 1223; x_wconf 80' lang='lat' dir='ltr'><strong>earrrmque</strong></span> <span class='ocrx_word' id='word_1_40' title='bbox 987 1145 1151 1225; x_wconf 85' lang='lat' dir='ltr'><strong>possidere</strong></span> <span class='ocrx_word' id='word_1_41' title='bbox 1172 1144 1431 1225; x_wconf 74' lang='lat' dir='ltr'><strong>perfectissimam</strong></span> 
     </span>
     <span class='ocr_line' id='line_1_6' title="bbox 346 1247 1432 1327; baseline 0.003 -19"><span class='ocrx_word' id='word_1_42' title='bbox 346 1248 584 1327; x_wconf 80' lang='lat' dir='ltr'><strong>intelligentiam</strong></span> <span class='ocrx_word' id='word_1_43' title='bbox 606 1254 639 1307; x_wconf 86' lang='lat' dir='ltr'><strong>et</strong></span> <span class='ocrx_word' id='word_1_44' title='bbox 660 1247 886 1327; x_wconf 73' lang='lat' dir='ltr'><strong>uognitionema</strong></span> <span class='ocrx_word' id='word_1_45' title='bbox 908 1249 993 1327; x_wconf 81' lang='lat' dir='ltr'><strong>quod</strong></span> <span class='ocrx_word' id='word_1_46' title='bbox 1014 1254 1117 1309; x_wconf 89' lang='lat' dir='ltr'><strong>tamen</strong></span> <span class='ocrx_word' id='word_1_47' title='bbox 1139 1249 1292 1309; x_wconf 85' lang='lat' dir='ltr'><strong>eiusmodi</strong></span> <span class='ocrx_word' id='word_1_48' title='bbox 1314 1254 1372 1325; x_wconf 87' lang='lat' dir='ltr'><strong>est,</strong></span> <span class='ocrx_word' id='word_1_49' title='bbox 1395 1256 1432 1311; x_wconf 93' lang='lat' dir='ltr'><strong>ut</strong></span> 
     </span>
     <span class='ocr_line' id='line_1_7' title="bbox 347 1349 1510 1429; baseline 0.001 -18"><span class='ocrx_word' id='word_1_50' title='bbox 347 1369 411 1412; x_wconf 89' lang='lat' dir='ltr'><strong>oou</strong></span> <span class='ocrx_word' id='word_1_51' title='bbox 431 1356 495 1412; x_wconf 87' lang='lat' dir='ltr'><strong>tam</strong></span> <span class='ocrx_word' id='word_1_52' title='bbox 517 1352 690 1414; x_wconf 88' lang='lat' dir='ltr'><strong>dootrlaam</strong></span> <span class='ocrx_word' id='word_1_53' title='bbox 705 1349 824 1411; x_wconf 83' lang='lat' dir='ltr'><strong>delleo</strong></span> <span class='ocrx_word' id='word_1_54' title='bbox 843 1368 934 1429; x_wconf 86' lang='lat' dir='ltr'><strong>qnam</strong></span> <span class='ocrx_word' id='word_1_55' title='bbox 956 1351 1059 1412; x_wconf 87' lang='lat' dir='ltr'><strong>looum</strong></span> <span class='ocrx_word' id='word_1_56' title='bbox 1081 1349 1122 1410; x_wconf 80' lang='lat' dir='ltr'><strong>do</strong></span> <span class='ocrx_word' id='word_1_57' title='bbox 1141 1350 1222 1413; x_wconf 85' lang='lat' dir='ltr'><strong>ideis</strong></span> <span class='ocrx_word' id='word_1_58' title='bbox 1243 1353 1431 1415; x_wconf 83' lang='lat' dir='ltr'><strong>oollostraro</strong></span> <span class='ocrx_word' id='word_1_59' title='bbox 1508 1408 1510 1412; x_wconf 81' lang='grc'>,</span> 
     </span>
     <span class='ocr_line' id='line_1_8' title="bbox 347 1434 1431 1536; baseline 0.003 -20"><span class='ocrx_word' id='word_1_60' title='bbox 347 1455 582 1516; x_wconf 71' lang='lat' dir='ltr'><strong>alstimanduru</strong></span> <span class='ocrx_word' id='word_1_61' title='bbox 604 1454 657 1517; x_wconf 86' lang='lat' dir='ltr'><strong>sit.</strong></span> <span class='ocrx_word' id='word_1_62' title='bbox 711 1454 818 1531; x_wconf 82' lang='lat' dir='ltr'><strong>ltaque</strong></span> <span class='ocrx_word' id='word_1_63' title='bbox 838 1434 947 1534; x_wconf 79' lang='lat' dir='ltr'><strong>utique</strong></span> <span class='ocrx_word' id='word_1_64' title='bbox 968 1454 1113 1515; x_wconf 83' lang='lat' dir='ltr'><strong>viderunt</strong></span> <span class='ocrx_word' id='word_1_65' title='bbox 1134 1453 1260 1533; x_wconf 80' lang='lat' dir='ltr'><strong>aliquid,</strong></span> <span class='ocrx_word' id='word_1_66' title='bbox 1280 1458 1334 1536; x_wconf 81' lang='lat' dir='ltr'><strong>qrrl</strong></span> <span class='ocrx_word' id='word_1_67' title='bbox 1355 1455 1431 1518; x_wconf 82' lang='lat' dir='ltr'><strong>Par-</strong></span> 
     </span>
     <span class='ocr_line' id='line_1_9' title="bbox 345 1556 1431 1621; baseline 0 -2"><span class='ocrx_word' id='word_1_68' title='bbox 345 1559 502 1619; x_wconf 89' lang='lat' dir='ltr'><strong>menidem</strong></span> <span class='ocrx_word' id='word_1_69' title='bbox 523 1557 700 1618; x_wconf 84' lang='lat' dir='ltr'><strong>ludloaruut</strong></span> <span class='ocrx_word' id='word_1_70' title='bbox 720 1556 752 1617; x_wconf 90' lang='lat' dir='ltr'><strong>iu</strong></span> <span class='ocrx_word' id='word_1_71' title='bbox 773 1558 803 1617; x_wconf 83' lang='lat' dir='ltr'><strong>si</strong></span> <span class='ocrx_word' id='word_1_72' title='bbox 823 1560 857 1616; x_wconf 87' lang='lat' dir='ltr'><strong>et</strong></span> <span class='ocrx_word' id='word_1_73' title='bbox 876 1563 988 1616; x_wconf 85' lang='lat' dir='ltr'><strong>natura</strong></span> <span class='ocrx_word' id='word_1_74' title='bbox 1008 1557 1147 1617; x_wconf 87' lang='lat' dir='ltr'><strong>idearum</strong></span> <span class='ocrx_word' id='word_1_75' title='bbox 1160 1558 1342 1619; x_wconf 85' lang='lat' dir='ltr'><strong>doolarauda</strong></span> <span class='ocrx_word' id='word_1_76' title='bbox 1361 1577 1431 1621; x_wconf 81' lang='lat' dir='ltr'><strong>ver·</strong></span> 
     </span>
     <span class='ocr_line' id='line_1_10' title="bbox 344 1659 1430 1738; baseline 0.003 -17"><span class='ocrx_word' id='word_1_77' title='bbox 344 1662 426 1734; x_wconf 86' lang='lat' dir='ltr'><strong>sari,</strong></span> <span class='ocrx_word' id='word_1_78' title='bbox 454 1662 558 1721; x_wconf 85' lang='lat' dir='ltr'><strong>iocum</strong></span> <span class='ocrx_word' id='word_1_79' title='bbox 586 1667 690 1721; x_wconf 85' lang='lat' dir='ltr'><strong>autam</strong></span> <span class='ocrx_word' id='word_1_80' title='bbox 718 1659 758 1719; x_wconf 90' lang='lat' dir='ltr'><strong>de</strong></span> <span class='ocrx_word' id='word_1_81' title='bbox 784 1659 852 1721; x_wconf 86' lang='lat' dir='ltr'><strong>lieo</strong></span> <span class='ocrx_word' id='word_1_82' title='bbox 879 1659 1011 1738; x_wconf 83' lang='lat' dir='ltr'><strong>eiusque</strong></span> <span class='ocrx_word' id='word_1_83' title='bbox 1037 1659 1205 1721; x_wconf 81' lang='lat' dir='ltr'><strong>allidentis</strong></span> <span class='ocrx_word' id='word_1_84' title='bbox 1236 1660 1269 1722; x_wconf 88' lang='lat' dir='ltr'><strong>ln</strong></span> <span class='ocrx_word' id='word_1_85' title='bbox 1296 1660 1430 1724; x_wconf 68' lang='lat' dir='ltr'><strong>‘limam</strong></span> 
     </span>
     <span class='ocr_line' id='line_1_11' title="bbox 343 1763 1261 1825; baseline -0.002 0"><span class='ocrx_word' id='word_1_86' title='bbox 343 1763 479 1825; x_wconf 84' lang='lat' dir='ltr'><strong>maxime</strong></span> <span class='ocrx_word' id='word_1_87' title='bbox 499 1764 686 1825; x_wconf 88' lang='lat' dir='ltr'><strong>illustratum</strong></span> <span class='ocrx_word' id='word_1_88' title='bbox 708 1780 787 1823; x_wconf 82' lang='lat' dir='ltr'><strong>esse.</strong></span> <span class='ocrx_word' id='word_1_89' title='bbox 1255 1767 1261 1781; x_wconf 90' lang='lat'><strong><em>‘</em></strong></span> 
     </span>
    </p>
   </div>
   <div class='ocr_carea' id='block_1_3' title="bbox 433 1829 1557 1945">
    <p class='ocr_par' dir='ltr' id='par_1_3' title="bbox 433 1829 1557 1945">
     <span class='ocr_line' id='line_1_12' title="bbox 433 1829 1557 1945; baseline -0.001 -18"><span class='ocrx_word' id='word_1_90' title='bbox 433 1864 551 1927; x_wconf 76' lang='lat' dir='ltr'><strong>Verri·</strong></span> <span class='ocrx_word' id='word_1_91' title='bbox 579 1835 655 1927; x_wconf 73' lang='lat' dir='ltr'><strong>satis</strong></span> <span class='ocrx_word' id='word_1_92' title='bbox 676 1847 759 1926; x_wconf 55' lang='lat' dir='ltr'><strong>¹liaeo</strong></span> <span class='ocrx_word' id='word_1_93' title='bbox 785 1865 826 1925; x_wconf 87' lang='lat' dir='ltr'><strong>de</strong></span> <span class='ocrx_word' id='word_1_94' title='bbox 854 1864 994 1926; x_wconf 81' lang='lat' dir='ltr'><strong>l’latoois</strong></span> <span class='ocrx_word' id='word_1_95' title='bbox 1016 1865 1163 1940; x_wconf 85' lang='lat' dir='ltr'><strong>oonsilio,</strong></span> <span class='ocrx_word' id='word_1_96' title='bbox 1192 1865 1275 1945; x_wconf 84' lang='lat' dir='ltr'><strong>quod</strong></span> <span class='ocrx_word' id='word_1_97' title='bbox 1295 1868 1329 1928; x_wconf 92' lang='lat' dir='ltr'><strong>in</strong></span> <span class='ocrx_word' id='word_1_98' title='bbox 1352 1865 1430 1928; x_wconf 72' lang='lat' dir='ltr'><strong>rari:</strong></span> <span class='ocrx_word' id='word_1_99' title='bbox 1554 1829 1557 1838; x_wconf 33' lang='grc' dir='ltr'>Ι</span> 
     </span>
    </p>
   </div>
   <div class='ocr_carea' id='block_1_4' title="bbox 340 1961 1429 2345">
    <p class='ocr_par' dir='ltr' id='par_1_4' title="bbox 340 1961 1429 2345">
     <span class='ocr_line' id='line_1_13' title="bbox 340 1961 1429 2054; baseline 0 -23"><span class='ocrx_word' id='word_1_100' title='bbox 340 1969 450 2031; x_wconf 78' lang='lat' dir='ltr'><strong>bondo</strong></span> <span class='ocrx_word' id='word_1_101' title='bbox 474 1968 658 2030; x_wconf 83' lang='lat' dir='ltr'><strong>Parmanida</strong></span> <span class='ocrx_word' id='word_1_102' title='bbox 684 1974 808 2031; x_wconf 75' lang='lat' dir='ltr'><strong>secutus</strong></span> <span class='ocrx_word' id='word_1_103' title='bbox 836 1961 896 2032; x_wconf 77' lang='lat' dir='ltr'><strong>e&#39;st.</strong></span> <span class='ocrx_word' id='word_1_104' title='bbox 960 1967 1053 2054; x_wconf 77' lang='lat' dir='ltr'><strong>Quod</strong></span> <span class='ocrx_word' id='word_1_105' title='bbox 1084 1973 1189 2029; x_wconf 71' lang='lat' dir='ltr'><strong>umen</strong></span> <span class='ocrx_word' id='word_1_106' title='bbox 1223 1987 1284 2048; x_wconf 84' lang='lat' dir='ltr'><strong>quo</strong></span> <span class='ocrx_word' id='word_1_107' title='bbox 1316 1969 1429 2031; x_wconf 78' lang='lat' dir='ltr'><strong>onelios</strong></span> 
     </span>
     <span class='ocr_line' id='line_1_14' title="bbox 343 2069 1429 2154; baseline 0.001 -21"><span class='ocrx_word' id='word_1_108' title='bbox 343 2074 438 2133; x_wconf 84' lang='lat' dir='ltr'><strong>etlam</strong></span> <span class='ocrx_word' id='word_1_109' title='bbox 467 2077 673 2153; x_wconf 72' lang='lat' dir='ltr'><strong>cognoscatur</strong></span> <span class='ocrx_word' id='word_1_110' title='bbox 700 2070 876 2149; x_wconf 82' lang='lat' dir='ltr'><strong>certiusque</strong></span> <span class='ocrx_word' id='word_1_111' title='bbox 897 2069 1120 2151; x_wconf 75' lang='lat' dir='ltr'><strong>perspiciatur,</strong></span> <span class='ocrx_word' id='word_1_112' title='bbox 1147 2091 1220 2154; x_wconf 70' lang='lat' dir='ltr'><strong>aga,</strong></span> <span class='ocrx_word' id='word_1_113' title='bbox 1253 2071 1429 2134; x_wconf 79' lang='lat' dir='ltr'><strong>alisatiam</strong></span> 
     </span>
     <span class='ocr_line' id='line_1_15' title="bbox 342 2173 1428 2261; baseline 0.003 -24"><span class='ocrx_word' id='word_1_114' title='bbox 342 2176 548 2256; x_wconf 80' lang='lat' dir='ltr'><strong>exquiramus,</strong></span> <span class='ocrx_word' id='word_1_115' title='bbox 571 2173 701 2255; x_wconf 86' lang='lat' dir='ltr'><strong>quaoad</strong></span> <span class='ocrx_word' id='word_1_116' title='bbox 713 2177 848 2234; x_wconf 84' lang='lat' dir='ltr'><strong>mentem</strong></span> <span class='ocrx_word' id='word_1_117' title='bbox 866 2174 1063 2255; x_wconf 81' lang='lat' dir='ltr'><strong>animumque</strong></span> <span class='ocrx_word' id='word_1_118' title='bbox 1083 2176 1263 2261; x_wconf 81' lang='lat' dir='ltr'><strong>philosophi</strong></span> <span class='ocrx_word' id='word_1_119' title='bbox 1280 2178 1428 2258; x_wconf 67' lang='lat' dir='ltr'><strong>⁴apurlau·</strong></span> 
     </span>
     <span class='ocr_line' id='line_1_16' title="bbox 343 2277 808 2345; baseline -0.004 -5"><span class='ocrx_word' id='word_1_120' title='bbox 343 2279 419 2340; x_wconf 85' lang='lat' dir='ltr'><strong>dom</strong></span> <span class='ocrx_word' id='word_1_121' title='bbox 441 2278 617 2345; x_wconf 86' lang='lat' dir='ltr'><strong>ouuduoera</strong></span> <span class='ocrx_word' id='word_1_122' title='bbox 636 2277 808 2342; x_wconf 81' lang='lat' dir='ltr'><strong>videantur.</strong></span> 
     </span>
    </p>
   </div>
   <div class='ocr_carea' id='block_1_5' title="bbox 784 2493 991 2515">
    <p class='ocr_par' dir='ltr' id='par_1_5' title="bbox 784 2493 991 2515">
     <span class='ocr_line' id='line_1_17' title="bbox 784 2493 991 2515; baseline 0.005 -1"><span class='ocrx_word' id='word_1_123' title='bbox 784 2493 991 2515; x_wconf 50' lang='lat' dir='ltr'><strong>-r&#39;bn--v-v·</strong></span> 
     </span>
    </p>
   </div>
   <div class='ocr_carea' id='block_1_6' title="bbox 681 2699 1081 2776">
    <p class='ocr_par' dir='ltr' id='par_1_6' title="bbox 681 2699 1081 2776">
     <span class='ocr_line' id='line_1_18' title="bbox 681 2699 1081 2776; baseline -0.008 -1"><span class='ocrx_word' id='word_1_124' title='bbox 681 2699 1081 2776; x_wconf 84' lang='lat' dir='ltr'><strong>Sectiolll.</strong></span> 
     </span>
    </p>
   </div>
   <div class='ocr_carea' id='block_1_7' title="bbox 341 2890 1425 3276">
    <p class='ocr_par' dir='ltr' id='par_1_7' title="bbox 346 2890 1425 2966">
     <span class='ocr_line' id='line_1_19' title="bbox 346 2890 1425 2966; baseline 0.002 -21"><span class='ocrx_word' id='word_1_125' title='bbox 346 2892 430 2946; x_wconf 76' lang='lat' dir='ltr'><strong>Plato</strong></span> <span class='ocrx_word' id='word_1_126' title='bbox 456 2893 487 2947; x_wconf 88' lang='lat' dir='ltr'><strong>ln</strong></span> <span class='ocrx_word' id='word_1_127' title='bbox 509 2892 681 2948; x_wconf 67' lang='lat' dir='ltr'><strong>Parmenides</strong></span> <span class='ocrx_word' id='word_1_128' title='bbox 708 2891 890 2966; x_wconf 72' lang='lat' dir='ltr'><strong>aliquantum</strong></span> <span class='ocrx_word' id='word_1_129' title='bbox 915 2890 1041 2946; x_wconf 76' lang='lat' dir='ltr'><strong>recurrit</strong></span> <span class='ocrx_word' id='word_1_130' title='bbox 1061 2909 1078 2946; x_wconf 88' lang='lat' dir='ltr'><strong>a</strong></span> <span class='ocrx_word' id='word_1_131' title='bbox 1099 2890 1236 2964; x_wconf 72' lang='lat' dir='ltr'><strong>populari</strong></span> <span class='ocrx_word' id='word_1_132' title='bbox 1259 2891 1425 2947; x_wconf 74' lang='lat' dir='ltr'><strong>dirimendi</strong></span> 
     </span>
    </p>

    <p class='ocr_par' dir='ltr' id='par_1_8' title="bbox 345 2992 1425 3067">
     <span class='ocr_line' id='line_1_20' title="bbox 345 2992 1425 3067; baseline 0.001 -19"><span class='ocrx_word' id='word_1_133' title='bbox 345 3011 462 3067; x_wconf 67' lang='lat' dir='ltr'><strong>ganan.</strong></span> <span class='ocrx_word' id='word_1_134' title='bbox 504 2995 729 3067; x_wconf 70' lang='lat' dir='ltr'><strong>Comparantur,</strong></span> <span class='ocrx_word' id='word_1_135' title='bbox 751 3008 825 3067; x_wconf 80' lang='lat' dir='ltr'><strong>quaa</strong></span> <span class='ocrx_word' id='word_1_136' title='bbox 847 2994 880 3048; x_wconf 87' lang='grc' dir='ltr'><strong>ἰιι</strong></span> <span class='ocrx_word' id='word_1_137' title='bbox 903 2992 1075 3049; x_wconf 73' lang='lat' dir='ltr'><strong>Par-menide</strong></span> <span class='ocrx_word' id='word_1_138' title='bbox 1098 2994 1242 3067; x_wconf 75' lang='lat' dir='ltr'><strong>explicata</strong></span> <span class='ocrx_word' id='word_1_139' title='bbox 1265 3004 1335 3048; x_wconf 86' lang='lat' dir='ltr'><strong>suat</strong></span> <span class='ocrx_word' id='word_1_140' title='bbox 1356 3012 1425 3049; x_wconf 77' lang='lat' dir='ltr'><strong>oum</strong></span> 
     </span>
    </p>

    <p class='ocr_par' dir='ltr' id='par_1_9' title="bbox 341 3089 1423 3276">
     <span class='ocr_line' id='line_1_21' title="bbox 341 3089 1423 3169; baseline -0.001 -15"><span class='ocrx_word' id='word_1_141' title='bbox 341 3099 614 3154; x_wconf 79' lang='lat' dir='ltr'><strong>decretiseiuadem</strong></span> <span class='ocrx_word' id='word_1_142' title='bbox 631 3096 703 3151; x_wconf 80' lang='lat' dir='ltr'><strong>aiibi</strong></span> <span class='ocrx_word' id='word_1_143' title='bbox 717 3089 868 3169; x_wconf 78' lang='lat' dir='ltr'><strong>exponitis.</strong></span> <span class='ocrx_word' id='word_1_144' title='bbox 892 3097 1046 3164; x_wconf 79' lang='lat' dir='ltr'><strong>Quomodo</strong></span> <span class='ocrx_word' id='word_1_145' title='bbox 1068 3097 1267 3153; x_wconf 73' lang='lat' dir='ltr'><strong>dubitationes</strong></span> <span class='ocrx_word' id='word_1_146' title='bbox 1290 3098 1326 3154; x_wconf 88' lang='lat' dir='ltr'><strong>de</strong></span> <span class='ocrx_word' id='word_1_147' title='bbox 1350 3098 1423 3153; x_wconf 77' lang='lat' dir='ltr'><strong>ideis</strong></span> 
     </span>
     <span class='ocr_line' id='line_1_22' title="bbox 470 3200 1306 3276; baseline -0.001 -20"><span class='ocrx_word' id='word_1_148' title='bbox 470 3203 503 3256; x_wconf 84' lang='lat' dir='ltr'><strong>in</strong></span> <span class='ocrx_word' id='word_1_149' title='bbox 523 3203 616 3276; x_wconf 84' lang='lat' dir='ltr'><strong>prima</strong></span> <span class='ocrx_word' id='word_1_150' title='bbox 637 3201 708 3257; x_wconf 82' lang='lat' dir='ltr'><strong>iibri</strong></span> <span class='ocrx_word' id='word_1_151' title='bbox 730 3210 813 3273; x_wconf 74' lang='lat' dir='ltr'><strong>purte</strong></span> <span class='ocrx_word' id='word_1_152' title='bbox 834 3200 976 3256; x_wconf 79' lang='lat' dir='ltr'><strong>oxoitataa</strong></span> <span class='ocrx_word' id='word_1_153' title='bbox 998 3201 1215 3275; x_wconf 74' lang='lat' dir='ltr'><strong>componendae</strong></span> <span class='ocrx_word' id='word_1_154' title='bbox 1237 3202 1306 3256; x_wconf 85' lang='lat' dir='ltr'><strong>sint.</strong></span> 
     </span>
    </p>
   </div>
   <div class='ocr_carea' id='block_1_8' title="bbox 426 3400 1540 3478">
    <p class='ocr_par' dir='ltr' id='par_1_10' title="bbox 426 3400 1540 3478">
     <span class='ocr_line' id='line_1_23' title="bbox 426 3400 1540 3478; baseline -0.001 -10"><span class='ocrx_word' id='word_1_155' title='bbox 426 3405 495 3467; x_wconf 88' lang='lat' dir='ltr'><strong>Non</strong></span> <span class='ocrx_word' id='word_1_156' title='bbox 523 3411 643 3465; x_wconf 87' lang='lat' dir='ltr'><strong>temera</strong></span> <span class='ocrx_word' id='word_1_157' title='bbox 670 3404 760 3465; x_wconf 83' lang='lat' dir='ltr'><strong>robis</strong></span> <span class='ocrx_word' id='word_1_158' title='bbox 781 3402 922 3463; x_wconf 84' lang='lat' dir='ltr'><strong>ridemur</strong></span> <span class='ocrx_word' id='word_1_159' title='bbox 948 3406 1103 3473; x_wconf 84' lang='lat' dir='ltr'><strong>statuero,</strong></span> <span class='ocrx_word' id='word_1_160' title='bbox 1131 3400 1293 3464; x_wconf 81' lang='lat' dir='ltr'><strong>Platonem</strong></span> <span class='ocrx_word' id='word_1_161' title='bbox 1313 3405 1346 3464; x_wconf 93' lang='lat' dir='ltr'><strong>in</strong></span> <span class='ocrx_word' id='word_1_162' title='bbox 1374 3405 1423 3467; x_wconf 87' lang='lat' dir='ltr'><strong>his</strong></span> <span class='ocrx_word' id='word_1_163' title='bbox 1534 3467 1540 3478; x_wconf 76' lang='grc'><strong>,</strong></span> 
     </span>
    </p>
   </div>
   <div class='ocr_carea' id='block_1_9' title="bbox 336 3503 1478 4728">
    <p class='ocr_par' dir='ltr' id='par_1_11' title="bbox 336 3503 1478 4728">
     <span class='ocr_line' id='line_1_24' title="bbox 341 3503 1423 3590; baseline -0.003 -19"><span class='ocrx_word' id='word_1_164' title='bbox 341 3509 532 3590; x_wconf 75' lang='lat' dir='ltr'><strong>explicandis</strong></span> <span class='ocrx_word' id='word_1_165' title='bbox 553 3508 662 3568; x_wconf 84' lang='lat' dir='ltr'><strong>relicta</strong></span> <span class='ocrx_word' id='word_1_166' title='bbox 683 3506 825 3586; x_wconf 89' lang='lat' dir='ltr'><strong>populari</strong></span> <span class='ocrx_word' id='word_1_167' title='bbox 847 3507 901 3566; x_wconf 90' lang='lat' dir='ltr'><strong>illa</strong></span> <span class='ocrx_word' id='word_1_168' title='bbox 922 3505 1100 3583; x_wconf 88' lang='lat' dir='ltr'><strong>disputandi</strong></span> <span class='ocrx_word' id='word_1_169' title='bbox 1121 3503 1256 3577; x_wconf 87' lang='lat' dir='ltr'><strong>ratione,</strong></span> <span class='ocrx_word' id='word_1_170' title='bbox 1291 3509 1423 3585; x_wconf 84' lang='lat' dir='ltr'><strong>quaein</strong></span> 
     </span>
     <span class='ocr_line' id='line_1_25' title="bbox 340 3609 1424 3692; baseline -0.003 -18"><span class='ocrx_word' id='word_1_171' title='bbox 340 3613 501 3692; x_wconf 70' lang='lat' dir='ltr'><strong>plmlsque</strong></span> <span class='ocrx_word' id='word_1_172' title='bbox 522 3612 590 3671; x_wconf 90' lang='lat' dir='ltr'><strong>aliis</strong></span> <span class='ocrx_word' id='word_1_173' title='bbox 611 3617 721 3689; x_wconf 69' lang='lat' dir='ltr'><strong>regnat</strong></span> <span class='ocrx_word' id='word_1_174' title='bbox 741 3610 808 3670; x_wconf 86' lang='lat' dir='ltr'><strong>eius</strong></span> <span class='ocrx_word' id='word_1_175' title='bbox 830 3609 1035 3681; x_wconf 75' lang='lat' dir='ltr'><strong>sermonibus,</strong></span> <span class='ocrx_word' id='word_1_176' title='bbox 1055 3613 1209 3667; x_wconf 85' lang='lat' dir='ltr'><strong>versatum</strong></span> <span class='ocrx_word' id='word_1_177' title='bbox 1233 3610 1424 3672; x_wconf 47' lang='lat' dir='ltr'><strong>esso‘subtl·</strong></span> 
     </span>
     <span class='ocr_line' id='line_1_26' title="bbox 340 3710 1424 3793; baseline -0.001 -17"><span class='ocrx_word' id='word_1_178' title='bbox 340 3717 412 3790; x_wconf 76' lang='lat' dir='ltr'><strong>lius,</strong></span> <span class='ocrx_word' id='word_1_179' title='bbox 432 3722 471 3776; x_wconf 85' lang='lat' dir='ltr'><strong>ot</strong></span> <span class='ocrx_word' id='word_1_180' title='bbox 492 3734 562 3776; x_wconf 88' lang='lat' dir='ltr'><strong>eum</strong></span> <span class='ocrx_word' id='word_1_181' title='bbox 584 3715 733 3793; x_wconf 87' lang='lat' dir='ltr'><strong>suspioari</strong></span> <span class='ocrx_word' id='word_1_182' title='bbox 755 3713 848 3774; x_wconf 87' lang='lat' dir='ltr'><strong>lioest</strong></span> <span class='ocrx_word' id='word_1_183' title='bbox 867 3729 966 3790; x_wconf 90' lang='lat' dir='ltr'><strong>propa</strong></span> <span class='ocrx_word' id='word_1_184' title='bbox 987 3711 1155 3772; x_wconf 81' lang='lat' dir='ltr'><strong>accessisse</strong></span> <span class='ocrx_word' id='word_1_185' title='bbox 1172 3710 1211 3771; x_wconf 92' lang='lat' dir='ltr'><strong>ad</strong></span> <span class='ocrx_word' id='word_1_186' title='bbox 1231 3712 1308 3772; x_wconf 93' lang='lat' dir='ltr'><strong>illud</strong></span> <span class='ocrx_word' id='word_1_187' title='bbox 1324 3711 1424 3775; x_wconf 77' lang='lat' dir='ltr'><strong>disse-</strong></span> 
     </span>
     <span class='ocr_line' id='line_1_27' title="bbox 340 3815 1424 3898; baseline -0.006 -18"><span class='ocrx_word' id='word_1_188' title='bbox 340 3819 552 3898; x_wconf 68' lang='lat' dir='ltr'><strong>tendimus,</strong></span> <span class='ocrx_word' id='word_1_189' title='bbox 575 3837 636 3898; x_wconf 86' lang='lat' dir='ltr'><strong>quo</strong></span> <span class='ocrx_word' id='word_1_190' title='bbox 654 3818 685 3877; x_wconf 91' lang='lat' dir='ltr'><strong>io</strong></span> <span class='ocrx_word' id='word_1_191' title='bbox 699 3816 815 3878; x_wconf 86' lang='lat' dir='ltr'><strong>sobolis</strong></span> <span class='ocrx_word' id='word_1_192' title='bbox 830 3815 1041 3876; x_wconf 82' lang='lat' dir='ltr'><strong>verisimiliter</strong></span> <span class='ocrx_word' id='word_1_193' title='bbox 1053 3834 1127 3875; x_wconf 79' lang='lat' dir='ltr'><strong>uam</strong></span> <span class='ocrx_word' id='word_1_194' title='bbox 1150 3821 1208 3876; x_wconf 83' lang='lat' dir='ltr'><strong>est.</strong></span> <span class='ocrx_word' id='word_1_195' title='bbox 1251 3816 1337 3893; x_wconf 80' lang='lat' dir='ltr'><strong>Quae</strong></span> <span class='ocrx_word' id='word_1_196' title='bbox 1351 3832 1424 3874; x_wconf 60' lang='lat' dir='ltr'><strong>oona</strong></span> 
     </span>
     <span class='ocr_line' id='line_1_28' title="bbox 340 3917 1424 4002; baseline -0.006 -18"><span class='ocrx_word' id='word_1_197' title='bbox 340 3923 460 3984; x_wconf 83' lang='lat' dir='ltr'><strong>leotorr</strong></span> <span class='ocrx_word' id='word_1_198' title='bbox 477 3942 571 4002; x_wconf 85' lang='lat' dir='ltr'><strong>quum</strong></span> <span class='ocrx_word' id='word_1_199' title='bbox 588 3922 639 3981; x_wconf 83' lang='lat' dir='ltr'><strong>vel</strong></span> <span class='ocrx_word' id='word_1_200' title='bbox 656 3939 693 3981; x_wconf 83' lang='lat' dir='ltr'><strong>ea</strong></span> <span class='ocrx_word' id='word_1_201' title='bbox 709 3937 748 3980; x_wconf 88' lang='lat' dir='ltr'><strong>eo</strong></span> <span class='ocrx_word' id='word_1_202' title='bbox 766 3919 938 3999; x_wconf 85' lang='lat' dir='ltr'><strong>probabilis</strong></span> <span class='ocrx_word' id='word_1_203' title='bbox 960 3919 1024 3993; x_wconf 78' lang='lat' dir='ltr'><strong>liat,</strong></span> <span class='ocrx_word' id='word_1_204' title='bbox 1048 3919 1132 3997; x_wconf 89' lang='lat' dir='ltr'><strong>quod</strong></span> <span class='ocrx_word' id='word_1_205' title='bbox 1155 3919 1303 3998; x_wconf 81' lang='lat' dir='ltr'><strong>pleraque</strong></span> <span class='ocrx_word' id='word_1_206' title='bbox 1321 3917 1424 3981; x_wconf 83' lang='lat' dir='ltr'><strong>omnia</strong></span> 
     </span>
     <span class='ocr_line' id='line_1_29' title="bbox 340 4020 1478 4108; baseline -0.006 -19"><span class='ocrx_word' id='word_1_207' title='bbox 340 4028 435 4089; x_wconf 88' lang='lat' dir='ltr'><strong>altius</strong></span> <span class='ocrx_word' id='word_1_208' title='bbox 454 4031 657 4108; x_wconf 74' lang='lat' dir='ltr'><strong>repetuntur,</strong></span> <span class='ocrx_word' id='word_1_209' title='bbox 685 4041 776 4102; x_wconf 80' lang='lat' dir='ltr'><strong>qoam</strong></span> <span class='ocrx_word' id='word_1_210' title='bbox 804 4022 836 4082; x_wconf 89' lang='lat' dir='ltr'><strong>in</strong></span> <span class='ocrx_word' id='word_1_211' title='bbox 864 4022 978 4083; x_wconf 84' lang='lat' dir='ltr'><strong>ueteris</strong></span> <span class='ocrx_word' id='word_1_212' title='bbox 1003 4022 1070 4084; x_wconf 85' lang='lat' dir='ltr'><strong>eius</strong></span> <span class='ocrx_word' id='word_1_213' title='bbox 1093 4020 1218 4099; x_wconf 85' lang='lat' dir='ltr'><strong>seriptis</strong></span> <span class='ocrx_word' id='word_1_214' title='bbox 1239 4020 1309 4082; x_wconf 82' lang='lat' dir='ltr'><strong>lieri</strong></span> <span class='ocrx_word' id='word_1_215' title='bbox 1330 4021 1423 4097; x_wconf 80' lang='lat' dir='ltr'><strong>solat,</strong></span> <span class='ocrx_word' id='word_1_216' title='bbox 1477 4034 1478 4037; x_wconf 74' lang='grc'>’</span> 
     </span>
     <span class='ocr_line' id='line_1_30' title="bbox 339 4123 1424 4209; baseline -0.002 -21"><span class='ocrx_word' id='word_1_217' title='bbox 339 4129 472 4209; x_wconf 85' lang='lat' dir='ltr'><strong>allisque</strong></span> <span class='ocrx_word' id='word_1_218' title='bbox 493 4129 682 4209; x_wconf 70' lang='lat' dir='ltr'><strong>argumentis</strong></span> <span class='ocrx_word' id='word_1_219' title='bbox 704 4127 961 4199; x_wconf 86' lang='lat' dir='ltr'><strong>communiuntur,</strong></span> <span class='ocrx_word' id='word_1_220' title='bbox 984 4128 1048 4185; x_wconf 88' lang='lat' dir='ltr'><strong>tum</strong></span> <span class='ocrx_word' id='word_1_221' title='bbox 1072 4123 1203 4198; x_wconf 83' lang='lat' dir='ltr'><strong>maxime</strong></span> <span class='ocrx_word' id='word_1_222' title='bbox 1223 4124 1424 4186; x_wconf 81' lang='lat' dir='ltr'><strong>confirmator</strong></span> 
     </span>
     <span class='ocr_line' id='line_1_31' title="bbox 337 4225 1424 4315; baseline -0.003 -24"><span class='ocrx_word' id='word_1_223' title='bbox 337 4249 389 4306; x_wconf 86' lang='lat' dir='ltr'><strong>eo,</strong></span> <span class='ocrx_word' id='word_1_224' title='bbox 408 4232 503 4311; x_wconf 84' lang='lat' dir='ltr'><strong>quod,</strong></span> <span class='ocrx_word' id='word_1_225' title='bbox 516 4251 595 4311; x_wconf 86' lang='lat' dir='ltr'><strong>quae</strong></span> <span class='ocrx_word' id='word_1_226' title='bbox 608 4232 649 4291; x_wconf 89' lang='lat' dir='ltr'><strong>de</strong></span> <span class='ocrx_word' id='word_1_227' title='bbox 663 4231 803 4291; x_wconf 84' lang='lat' dir='ltr'><strong>idearum</strong></span> <span class='ocrx_word' id='word_1_228' title='bbox 818 4235 851 4288; x_wconf 81' lang='lat' dir='ltr'><strong>et</strong></span> <span class='ocrx_word' id='word_1_229' title='bbox 864 4247 970 4289; x_wconf 87' lang='lat' dir='ltr'><strong>rerum</strong></span> <span class='ocrx_word' id='word_1_230' title='bbox 986 4226 1113 4287; x_wconf 83' lang='lat' dir='ltr'><strong>solentis</strong></span> <span class='ocrx_word' id='word_1_231' title='bbox 1125 4225 1255 4315; x_wconf 79' lang='lat' dir='ltr'><strong>eiusque</strong></span> <span class='ocrx_word' id='word_1_232' title='bbox 1264 4227 1357 4288; x_wconf 78' lang='lat' dir='ltr'><strong>varus</strong></span> <span class='ocrx_word' id='word_1_233' title='bbox 1370 4245 1424 4306; x_wconf 69' lang='lat' dir='ltr'><strong>go-</strong></span> 
     </span>
     <span class='ocr_line' id='line_1_32' title="bbox 338 4328 1424 4411; baseline -0.005 -16"><span class='ocrx_word' id='word_1_234' title='bbox 338 4334 469 4396; x_wconf 78' lang='lat' dir='ltr'><strong>noribus</strong></span> <span class='ocrx_word' id='word_1_235' title='bbox 490 4335 522 4395; x_wconf 93' lang='lat' dir='ltr'><strong>iu</strong></span> <span class='ocrx_word' id='word_1_236' title='bbox 542 4334 724 4395; x_wconf 81' lang='lat' dir='ltr'><strong>Parmenide</strong></span> <span class='ocrx_word' id='word_1_237' title='bbox 746 4331 884 4411; x_wconf 80' lang='lat' dir='ltr'><strong>exposita</strong></span> <span class='ocrx_word' id='word_1_238' title='bbox 906 4333 1061 4410; x_wconf 70' lang='lat' dir='ltr'><strong>leguntur,</strong></span> <span class='ocrx_word' id='word_1_239' title='bbox 1084 4328 1270 4392; x_wconf 69' lang='lat' dir='ltr'><strong>Aristotelen</strong></span> <span class='ocrx_word' id='word_1_240' title='bbox 1290 4334 1424 4393; x_wconf 72' lang='lat' dir='ltr'><strong>mutar</strong></span> 
     </span>
     <span class='ocr_line' id='line_1_33' title="bbox 338 4433 1424 4518; baseline -0.002 -18"><span class='ocrx_word' id='word_1_241' title='bbox 338 4439 372 4500; x_wconf 82' lang='lat' dir='ltr'><strong>in</strong></span> <span class='ocrx_word' id='word_1_242' title='bbox 395 4439 485 4500; x_wconf 85' lang='lat' dir='ltr'><strong>libris</strong></span> <span class='ocrx_word' id='word_1_243' title='bbox 504 4439 544 4499; x_wconf 88' lang='lat' dir='ltr'><strong>de</strong></span> <span class='ocrx_word' id='word_1_244' title='bbox 563 4435 761 4518; x_wconf 78' lang='lat' dir='ltr'><strong>philosophia</strong></span> <span class='ocrx_word' id='word_1_245' title='bbox 782 4434 927 4495; x_wconf 87' lang='lat' dir='ltr'><strong>similiter</strong></span> <span class='ocrx_word' id='word_1_246' title='bbox 949 4433 1098 4513; x_wconf 76' lang='lat' dir='ltr'><strong>explicata</strong></span> <span class='ocrx_word' id='word_1_247' title='bbox 1118 4433 1225 4498; x_wconf 68' lang='lat' dir='ltr'><strong>talam</strong></span> <span class='ocrx_word' id='word_1_248' title='bbox 1249 4434 1424 4515; x_wconf 69' lang='lat' dir='ltr'><strong>Quodque</strong></span> 
     </span>
     <span class='ocr_line' id='line_1_34' title="bbox 337 4522 1423 4621; baseline -0.001 -18"><span class='ocrx_word' id='word_1_249' title='bbox 337 4543 440 4621; x_wconf 71' lang='lat' dir='ltr'><strong>magis</strong></span> <span class='ocrx_word' id='word_1_250' title='bbox 468 4522 678 4620; x_wconf 72' lang='lat' dir='ltr'><strong>intelligatur,</strong></span> <span class='ocrx_word' id='word_1_251' title='bbox 707 4539 840 4617; x_wconf 89' lang='lat' dir='ltr'><strong>primum</strong></span> <span class='ocrx_word' id='word_1_252' title='bbox 866 4537 1038 4613; x_wconf 81' lang='lat' dir='ltr'><strong>videamus,</strong></span> <span class='ocrx_word' id='word_1_253' title='bbox 1073 4538 1147 4618; x_wconf 84' lang='lat' dir='ltr'><strong>quid</strong></span> <span class='ocrx_word' id='word_1_254' title='bbox 1174 4536 1265 4599; x_wconf 78' lang='lat' dir='ltr'><strong>Pisto</strong></span> <span class='ocrx_word' id='word_1_255' title='bbox 1293 4538 1325 4600; x_wconf 91' lang='lat' dir='ltr'><strong>lu</strong></span> <span class='ocrx_word' id='word_1_256' title='bbox 1354 4539 1423 4602; x_wconf 83' lang='lat' dir='ltr'><strong>alilr</strong></span> 
     </span>
     <span class='ocr_line' id='line_1_35' title="bbox 336 4640 1425 4728; baseline -0.006 -16"><span class='ocrx_word' id='word_1_257' title='bbox 336 4646 466 4728; x_wconf 73' lang='lat' dir='ltr'><strong>seriptis</strong></span> <span class='ocrx_word' id='word_1_258' title='bbox 494 4646 534 4708; x_wconf 86' lang='lat' dir='ltr'><strong>de</strong></span> <span class='ocrx_word' id='word_1_259' title='bbox 562 4645 627 4706; x_wconf 80' lang='lat' dir='ltr'><strong>seri</strong></span> <span class='ocrx_word' id='word_1_260' title='bbox 649 4641 825 4723; x_wconf 73' lang='lat' dir='ltr'><strong>cognitione</strong></span> <span class='ocrx_word' id='word_1_261' title='bbox 846 4640 991 4705; x_wconf 86' lang='lat' dir='ltr'><strong>doouerit</strong></span> <span class='ocrx_word' id='word_1_262' title='bbox 1017 4645 1050 4702; x_wconf 89' lang='lat' dir='ltr'><strong>at</strong></span> <span class='ocrx_word' id='word_1_263' title='bbox 1070 4647 1222 4724; x_wconf 65' lang='lat' dir='ltr'><strong>pomanus</strong></span> <span class='ocrx_word' id='word_1_264' title='bbox 1245 4640 1279 4704; x_wconf 85' lang='lat' dir='ltr'><strong>ia</strong></span> <span class='ocrx_word' id='word_1_265' title='bbox 1299 4641 1425 4706; x_wconf 78' lang='lat' dir='ltr'><strong>Parma-</strong></span> 
     </span>
    </p>
   </div>
   <div class='ocr_carea' id='block_1_10' title="bbox 0 0 1892 5442">
    <p class='ocr_par' dir='ltr' id='par_1_12' title="bbox 0 0 1892 5442">
     <span class='ocr_line' id='line_1_36' title="bbox 0 0 1892 5442; baseline 0 4"><span class='ocrx_word' id='word_1_266' title='bbox 0 0 1892 5442; x_wconf 95' lang='lat' dir='ltr'><strong> </strong></span> 
     </span>
    </p>
   </div>
  </div>
 </body>
</html>
