3775 5442
466 670 549 733 m-
794 670 881 730 Liber
901 672 1021 748 primun.
1065 669 1165 730 Sectic
1188 670 1221 728 V.

466 817 599 906 idcelem
621 839 744 902 reterri
771 841 810 902 ad
840 853 1007 921 corporum
1035 843 1197 904 materiam
1226 849 1369 922 tanquam
1391 850 1550 905 externam

467 945 619 1028 quandam
641 943 709 1007 elue
730 943 911 1025 imaginem:
951 946 1201 1026 quandoquidem
1222 946 1277 1006 ubl
1296 946 1352 1006 illa
1372 946 1550 1010 fluitaeva-

466 1049 527 1125 eit,
562 1068 603 1112 ne
628 1048 707 1111 lracc
733 1049 977 1128 quidmalner
1002 1047 1165 1111 infamari
1191 1055 1307 1128 potent.
1356 1050 1455 1129 Quem
1480 1071 1551 1114 een-

323 1196 340 1215 ,,
466 1153 595 1216 mam
624 1151 752 1232 egregae
777 1151 961 1214 onumen
987 1153 1042 1215 aa
1075 1171 1107 1234 p.
1126 1150 1198 1213 ιιι.
1218 1153 1256 1214 a.
1285 1145 1374 1214 tato
1400 1147 1468 1236 μὴν
1495 1156 1552 1218 και

369 1306 371 1309 v
468 1251 553 1321 εἶναι
574 1275 640 1318 πον
661 1252 711 1317 δεῖ
732 1246 773 1315 τό
795 1275 832 1335 γε
854 1245 975 1320 ὂνιοίεί.
989 1291 1033 1303 —·
1054 1244 1217 1331 ἐπειδὴδὲ
1239 1248 1334 1318 οὐδὲν
1355 1249 1467 1339 ἕτερον
1481 1259 1551 1318 ἐστι

465 1355 568 1443 χωρὶς
593 1358 672 1420 τῶν
701 1347 838 1421 ἄλλων
865 1357 923 1421 καὶ
950 1358 1022 1420 τοῦ
1051 1349 1155 1431 ἑνός,
1192 1353 1243 1418 δεῖ
1270 1356 1304 1419 δὲ
1331 1350 1419 1421 αὐτοὶ
1447 1359 1483 1422 ἓν
1504 1380 1552 1440 τῳ

468 1454 568 1532 εἶναι,
591 1453 651 1522 οὐκ
672 1454 808 1543 ἀνάγκη
828 1451 893 1539 ἤδη
915 1463 950 1524 ἐν
971 1453 1175 1537 ἀλλήλοις
1196 1455 1282 1524 εἶναι
1312 1453 1363 1522 τά
1384 1482 1424 1526 τε
1446 1452 1552 1524 ἄλλο

468 1563 512 1626 ἐν
531 1563 587 1642 τῷ
609 1561 671 1627 ἑνὶ
688 1555 798 1629 καὶτὸ
814 1563 855 1628 ἓν
875 1567 918 1629 ἐν
941 1571 1031 1638 τοῖς
1051 1557 1220 1637 ἄλλοις,
1240 1555 1262 1641 ἢ
1282 1561 1437 1645 μηδαμοῦ
1450 1559 1553 1637 οἴνοις

469 1678 530 1744 quo
559 1665 630 1726 loco
658 1663 797 1730 dubitari
823 1667 1002 1741 nonlicet,
1030 1665 1104 1753 quin
1132 1657 1176 1728 τὰ
1197 1657 1286 1728 ἄλλα
1307 1667 1348 1727 dc
1368 1666 1553 1746 corporibus

468 1768 646 1849 accipienda
673 1770 747 1834 aiut.
795 1771 898 1850 Atque
928 1789 967 1830 ex
994 1769 1122 1830 Timaeo
1157 1768 1280 1846 quidem
1313 1769 1390 1833 catio
1423 1776 1554 1844 constat,

418 1882 420 1887 '
468 1872 631 1935 Platonem
652 1891 820 1951 corporum
841 1874 1002 1935 materiam
1028 1878 1173 1950 tauquam
1202 1867 1373 1948 ξυναίτιον
1398 1873 1555 1952 quoddam

467 1978 628 2058 panum,
662 1993 743 2054 quae
767 1975 860 2036 aienti
887 1994 982 2054 capax
1008 1981 1094 2037 earet
1120 1992 1213 2035 rerac
1234 1971 1368 2049 οὐσίας,
1395 1959 1440 2037 ita
1461 1977 1555 2037 etiam

467 2079 552 2143 illiue
574 2079 638 2139 vim
658 2078 691 2139 iu
712 2096 748 2140 ee
770 2085 854 2140 caret
875 2084 1011 2159 experta.
1054 2078 1219 2140 Enimvero
1242 2078 1301 2140 nisi
1328 2078 1445 2157 aliquid
1467 2085 1554 2140 extra

468 2183 661 2264 ipsaniam
684 2185 824 2257 exteret*
853 2181 937 2260 qaod
959 2200 1066 2242 earum
1087 2183 1148 2242 vim
1170 2187 1202 2242 et
1223 2183 1443 2261 praenuntiam
1464 2201 1555 2262 cepe·

467 2293 536 2362 ret,
558 2286 632 2348 illae
652 2286 739 2367 iprae
760 2304 969 2364 necunquam
991 2290 1177 2365 apparerent
1195 2290 1289 2362 atquc
1308 2285 1386 2346 adeo
1401 2285 1555 2347 humanae

467 2390 582 2452 mentis
594 2389 741 2468 fugerent
754 2390 998 2469 perceptionem.
1026 2389 1213 2468 Perapicnua
1226 2388 1266 2449 de
1282 2388 1342 2449 hec
1356 2407 1392 2449 ra
1404 2389 1491 2451 locua
1505 2394 1555 2450 cet

468 2493 549 2556 Tim.
561 2513 592 2573 p.
608 2493 660 2555 46.
676 2493 711 2556 (ί.
733 2489 825 2556 τοῦτ’
834 2482 894 2558 οὖν
909 2487 1006 2557 πάντ’
1015 2494 1085 2557 ἐστὶ
1106 2494 1172 2554 τῶν
1194 2488 1384 2570 ξυνοιτίων,
1406 2481 1457 2563 οἷς
1470 2481 1555 2564 θεὸς

467 2591 669 2682 ὑπηρετοῦσι
687 2597 814 2680 χρῆται
835 2587 898 2674 τὴν
919 2599 979 2660 τοῦ
993 2593 1132 2683 ἀρίστου
1145 2587 1233 2658 κατὰ
1245 2589 1285 2656 τὸ
1303 2584 1450 2656 δυνατὸν
1463 2591 1555 2658 ίδὲαν

467 2694 657 2763 ἀποτελῶν·
687 2690 863 2775 δοξάζεται
885 2697 920 2762 δὲ
933 2690 999 2762 ὑπὸ
1020 2701 1087 2762 τῶν
1107 2698 1269 2763 πλείστων
1290 2694 1329 2760 οὐ
1352 2693 1555 2774 ξυναίτιο,

467 2797 643 2864 ἀλλάίτνα
664 2797 750 2865 εἶναι
772 2803 840 2865 τῶν
862 2795 1014 2877 πάντων,
1049 2794 1208 2884 ψύχοντα
1229 2799 1286 2862 καὶ
1307 2799 1555 2886 θερμαίνοντα,

468 2896 643 2985 πηγνύντα
670 2925 707 2969 τε
734 2905 791 2968 καὶ
819 2904 1000 2990 διαχέοντα
1024 2905 1086 2968 καὶ
1116 2895 1181 2966 ὅσα
1207 2903 1351 2965 τοιοῦτον
1372 2897 1555 2986 ἀπεργαζό-

468 3025 563 3085 μενα.
587 3026 617 3067 κ.
633 3025 663 3067 τ.
679 3005 707 3071 λ.
750 3009 801 3071 Ad
818 3009 896 3070 lraec
916 3009 1013 3088 igitur
1033 3008 1207 3069 absolutam
1231 3001 1349 3069 coloten
1369 3012 1479 3068 natura
1500 3015 1557 3068 rue

469 3108 677 3180 contendere,
707 3111 782 3187 quid
808 3112 944 3172 mirum?
995 3109 1130 3171 Deduxit
1157 3111 1238 3170 euim
1271 3109 1360 3172 Plato
1389 3128 1556 3190 corporum

468 3210 628 3271 materiem
654 3209 729 3269 item
758 3229 796 3271 cx
822 3212 943 3274 inlicito
967 3212 1101 3292 quodam
1123 3213 1293 3290 elemento,
1322 3214 1406 3294 quod
1434 3213 1589 3274 infinito·

468 3311 563 3379 ideali
592 3313 678 3372 caeci
704 3311 909 3388 aimillimum,
943 3321 980 3377 ut
1007 3323 1134 3395 praeter
1159 3318 1292 3379 nativam
1315 3319 1556 3395 multitudinem,

407 3420 409 3425 “
469 3430 531 3493 quo
553 3413 728 3492 laboraret,
750 3416 820 3478 fere
841 3418 919 3480 nihil
940 3419 980 3481 ab
1002 3420 1073 3482 Uno
1093 3420 1214 3482 infinito
1227 3422 1430 3502 diecreparet.
1464 3421 1557 3501 Quod

467 3518 596 3598 quidem
623 3519 797 3582 cortiaalme
825 3541 863 3582 cx
891 3522 1020 3584 Timaeo
1047 3525 1152 3604 colligi
1174 3527 1370 3588 arbitramur.
1413 3526 1492 3588 Nam
1512 3525 1557 3586 lbi

466 3621 599 3683 materie
621 3641 803 3701 corporum,
825 3645 863 3685 ex
885 3646 945 3704 qua
966 3629 1074 3689 mundi
1095 3629 1230 3691 uniremi
1259 3630 1390 3691 ell'ector
1410 3638 1557 3707 tanquam

392 3788 400 3800 ,
469 3725 575 3806 opilex
597 3724 707 3804 aliquia
729 3726 775 3804 (p.
788 3727 840 3789 oo.
855 3728 908 3806 ri)
930 3730 1012 3791 hanc
1033 3749 1137 3793 rerum
1159 3736 1392 3798 universitatn
1414 3731 1556 3794 rentibus

469 3830 640 3892 aubiectam
662 3827 890 3907 sapientissimo
913 3835 1043 3897 coneilio
1072 3838 1261 3917 composuit,
1293 3837 1480 3900 decoribitur
1500 3834 1555 3908 ita,

333 3957 337 3965 ·
469 3939 505 3995 ut
527 3950 617 3993 nemo
640 3948 702 3992 non
723 3931 895 4013 intelligat,
919 3956 987 3999 cam
1007 3939 1130 4000 inlinitc
1151 3940 1291 4002 idearum
1312 3940 1463 4021 principio
1485 3956 1556 4000 cere

468 4037 657 4103 almlllimam
678 4035 870 4115 meximeque
884 4049 1054 4120 cognatam.
1099 4042 1191 4119 Quod
1209 4061 1249 4104 nc
1263 4043 1331 4122 quie
1343 4041 1474 4114 dubitet,
1497 4058 1556 4120 age

470 4140 594 4222 potiora
616 4139 663 4198 rei
684 4137 863 4200 testimonia
884 4142 1060 4208 afferamus.
1103 4145 1242 4207 Primum
1270 4147 1368 4226 igitur
1388 4161 1557 4224 corporum

459 4244 600 4306 materia
628 4242 667 4303 eb
695 4243 783 4303 initio
810 4245 899 4309 rudia
927 4254 961 4310 et
986 4249 1130 4312 informia
1158 4249 1257 4312 tunae
1277 4249 1421 4330 ponitur,
1443 4265 1557 4308 verun-

471 4353 576 4409 tamen
595 4346 683 4420 telia,
706 4351 741 4406 ut
761 4352 828 4409 tota
851 4351 952 4410 omnia
966 4354 1066 4430 parcit
1081 4354 1221 4431 accipere
1235 4353 1440 4430 omnibuaque
1453 4350 1557 4412 modia

471 4450 583 4511 mutari
605 4458 698 4529 etque
713 4468 751 4510 ex
766 4450 849 4511 omni
863 4459 953 4531 parte
965 4455 1005 4532 l).
1050 4456 1140 4534 Quod
1152 4457 1236 4519 idem
1248 4455 1380 4518 vidimus
1392 4455 1556 4516 convenite
