3775 5442
420 661 485 750 κιο
668 658 837 723 νιιοσιι
858 656 1238 723 σοιυυυτιιιιυσ

420 841 535 913 μάλιστα
555 831 592 909 τηῖ
613 834 736 892 Πλάτωνι
760 835 952 907 πειθομένους,
983 824 1015 895 δς
1035 825 1111 886 ούδὲν
1138 823 1203 887 ἀλλο
1224 829 1306 900 φησίν
1326 819 1410 893 οῦτως
1431 827 1505 903 ὀφέ·

422 945 499 1013 λιμον
520 933 587 994 εἶναι
609 938 667 1001 ταῖς
687 943 800 1011 ψυχαῖς,
830 936 865 1001 ῶς
891 937 921 992 τό
951 931 1026 989 ἕλκον
1039 934 1067 1008 ¹)
1085 919 1152 988 ἀπό
1180 936 1233 988 τῶν
1262 931 1430 1003 φαινομένων
1455 937 1504 994 eut

422 1045 453 1098 τό
475 1039 509 1098 ὃν
527 1040 574 1097 καί
595 1042 626 1096 τὸ
648 1035 756 1097 εύλυτον
782 1041 830 1099 καί
856 1035 1037 1110 εάφάντασῐον
1066 1034 1123 1092 ἀπὸ
1150 1037 1249 1092 τούτων
1275 1038 1320 1104 τῆς
1347 1037 1401 1089 τῶν
1430 1035 1503 1094 τίσει·

422 1147 513 1219 μάτων
546 1144 665 1215 φύσεως·
699 1147 817 1210 τοιοῦτος
850 1146 904 1218 γάρ
932 1143 949 1198 ἀ
973 1141 1097 1214 ἐρωτικός
1109 1181 1117 1208 ,
1146 1142 1265 1199 τοιοῦτος
1294 1135 1310 1189 ὁ
1337 1142 1502 1212 φιλόσοφος,

422 1250 542 1312 τοιοῦτος
570 1246 625 1310 πάς
654 1242 670 1299 ὁ
691 1241 872 1319 ἀναγόμενος·
903 1237 966 1309 ῶςτε
988 1241 1011 1298 εί
1037 1245 1073 1316 μη
1101 1241 1147 1297 καί
1175 1230 1259 1295 ταῦθ’
1284 1231 1368 1304 ούιως
1396 1242 1504 1316 σύγκει-

423 1367 469 1403 ται
493 1347 563 1421 πρός
592 1343 673 1402 αῦτοῦ
702 1350 749 1402 τοῦ
778 1351 933 1411 Πλάτωνος,
965 1337 1026 1401 ἀλλ’
1056 1341 1117 1418 ἡμῖν
1141 1365 1173 1417 γε
1201 1344 1231 1397 τό
1259 1343 1376 1417 πρᾶγμα
1401 1347 1504 1401 λυσιτε-

424 1449 479 1513 λός·
511 1451 655 1524 γύμνασμα
682 1452 736 1526 γάρ
762 1453 815 1506 ἐστι
845 1455 889 1520 τῆς
919 1446 1033 1520 εὐφυοῦς
1060 1452 1144 1521 ψυχῆς
1162 1446 1192 1517 ²)
1228 1444 1283 1502 ἀτιύ
1313 1449 1366 1500 τῶν
1394 1447 1503 1506 είκύνιιν

425 1550 471 1608 ίπί
491 1555 525 1609 τοί
545 1552 752 1629 παραδείγματα
773 1553 942 1627 μεταβαίνειν
963 1550 1122 1623 δυναμένης,
1151 1550 1198 1606 καί
1218 1550 1264 1612 τάς
1289 1546 1436 1624 ἀναλογίας
1456 1551 1502 1616 τάς

425 1657 566 1724 πανταχοῦ
595 1653 776 1719 διαιεινούσας
803 1655 943 1710 κατανοεῖν
969 1654 1106 1724 φιλούσης.
1154 1653 1359 1727 παραιτήσομαι
1386 1651 1417 1707 δὲ
1443 1656 1501 1721 τούς

423 1761 471 1813 τοῦ
493 1760 635 1821 Πλάτωνος
656 1759 781 1830 ἐξηγητάς
800 1759 836 1829 μὴ
858 1756 1019 1812 κατατείνειν
1040 1757 1160 1812 ἐνταῦθα
1182 1757 1279 1828 λόγους
1299 1757 1429 1829 μακρούς,
1449 1756 1503 1813 ότι-

423 1860 534 1925 κνύντας
553 1863 582 1915 ἐκ
603 1859 701 1914 τούτων
722 1848 764 1913 ότι
785 1859 831 1914 καί
852 1861 966 1915 Πλάτων
987 1857 1121 1931 δοκιμάζει
1148 1859 1194 1926 την
1220 1855 1304 1931 ἀρχάν
1331 1863 1376 1928 τῆς
1398 1856 1502 1934 ἀγωγῆς

424 1956 481 2015 ἀπὸ
501 1962 554 2016 τῶν
575 1964 689 2032 λογικῶν
709 1962 866 2025 ποιεῖσθαι,
887 1959 933 2016 καί
948 1962 1096 2036 μειρακίοις
1111 1960 1209 2015 τούτων
1225 1961 1405 2033 μεταδιδόναι,
1428 1962 1503 2038 πρόι-

423 2081 475 2126 ταις
494 2063 563 2128 νέοις
582 2065 755 2139 πρεπόντων,
776 2051 815 2116 δι’
838 2059 947 2134 ἀξύτητα
969 2065 1190 2138 παρακολουθεῖν
1213 2060 1300 2120 αύτῶν
1320 2061 1353 2142 τῇ
1371 2067 1503 2142 λεπτουρ-

381 2176 419 2230 77
426 2164 475 2237 γίρ
497 2163 666 2237 δυναμένοις,
690 2158 754 2222 ἀνευ
775 2158 836 2235 ῦλης
858 2159 1069 2244 ὑποκειμένηςέ)
1091 2164 1301 2236 διδασκομένων·
1324 2163 1354 2223 οὗ
1373 2169 1427 2242 γάρ
1446 2169 1501 2238 μό-

426 2286 473 2322 νον
494 2264 521 2322 οί
540 2268 618 2340 λόγοι
638 2269 684 2337 τὴν
704 2269 812 2342 λογικὴν
832 2260 904 2335 είχον
922 2266 1058 2338 μέθοδον,
1089 2257 1135 2331 οῦς
1154 2269 1201 2321 τὸν
1225 2260 1389 2339 ’Λντιφῶντα
1408 2269 1504 2344 μειρά-

427 2388 486 2423 ιιιον
507 2366 572 2424 ὄντα
592 2375 731 2443 μελετῆσαι
751 2370 846 2441 φησίν,
875 2366 943 2425 άλλιί
964 2369 1052 2445 unffi)
1080 2371 1127 2434 τάς
1153 2372 1289 2447 περὶτῶν
1311 2371 1389 2427 ίδεῶν
1408 2373 1503 2444 βαθυ-

426 2473 508 2537 τάτας
537 2471 666 2549 ἀπορίας,
709 2476 754 2532 ἵνα
780 2467 864 2528 κάλλει
891 2475 971 2548 παρῶ
999 2472 1032 2528 τά
1061 2474 1090 2528 έν
1117 2477 1174 2538 ταῖς
1204 2473 1365 2530 ὑποθέσεσιν
1385 2474 1504 2540 ἐξεταζό-

369 2598 374 2606 ’
426 2594 510 2648 μετα,
538 2575 674 2652 περὶτῶν
694 2574 845 2650 ἀκροτάτων
866 2573 957 2651 ἀρχῶν
984 2575 1049 2630 ῦντα
1069 2578 1211 2649 θεάματα,
1244 2578 1314 2650 πρός
1335 2572 1371 2648 τῷ
1392 2575 1439 2630 καί
1458 2570 1504 2630 τὀν

427 2675 456 2732 όν
482 2681 611 2754 Πολιτεία
637 2681 782 2754 Σωκράτην
808 2677 1044 2753 παρακελεύεσθαι
1071 2678 1138 2742 νίοις
1170 2665 1230 2733 οῦσι
1258 2679 1293 2749 μή
1315 2677 1503 2755 ,παραδιδόναι

425 2782 488 2846 τούς
515 2781 693 2846 διαλεκτικούς
720 2784 831 2855 λόγους,
857 2784 895 2853 μὴ
921 2801 980 2845 πως
993 2777 1022 2859 ⁸)
1049 2781 1171 2836 λάθωσιν
1199 2777 1236 2844 είς
1256 2781 1430 2854 παρανομίαν
1452 2769 1500 2835 ὑπ’

427 2878 514 2940 αύτῶν
534 2885 734 2960 προαχθέντες,
768 2877 784 2937 δ’
805 2884 837 2953 δη
865 2886 988 2956 φιλοῦσιν
1009 2881 1036 2938 οἱ
1056 2882 1110 2937 νόοι
1131 2884 1244 2951 πάσχειν
1265 2877 1325 2958 ἀρτι
1347 2884 1504 2956 γευσάμενοι

425 2985 479 3039 τῶν
499 2989 613 3058 λογικῶν
634 2988 828 3059 θεωρημάτων·
862 2989 969 3042 σπάνιοι
991 2985 1046 3059 γάρ
1067 2983 1094 3052 οἱ
1113 2986 1149 3057 μη
1172 2982 1342 3058 ἁλισκόμενοι
1362 2980 1394 3060 τῇ
1415 2981 1504 3056 τοιᾷδε

429 3087 595 3160 παραφορᾷ,
622 3085 668 3141 καί
695 3081 756 3142 ὅσοι
783 3088 907 3157 τοιαύτην
933 3088 1028 3155 ἔλαχον
1049 3086 1129 3156 φύσιν
1152 3088 1213 3142 οἵαν
1234 3089 1249 3142 ὁ
1271 3091 1430 3165 Σωκράτης,
1458 3087 1505 3141 τόν

429 3184 578 3257 ὦρμημίνοι
599 3188 681 3243 θείαν
701 3182 785 3252 οῦτως
805 3188 851 3243 ἐπί
871 3190 1034 3260 φιλοσοφίαν
1056 3188 1147 3264 ὁρμήν,
1169 3185 1201 3259 ἢν
1222 3190 1425 3265 ὁΠαρμενίδης
1442 3188 1506 3248 ίδύν

428 3283 475 3339 ἐπί
501 3287 548 3356 τὴν
569 3281 631 3360 ὅλην
658 3286 739 3347 αύτόν
766 3295 833 3347 κινεῖ
861 3293 1032 3359 διαλεκτικήν.
1076 3289 1124 3347 οῦκ
1151 3292 1202 3348 ἴδει
1235 3294 1321 3347 τοίνυν
1349 3297 1440 3351 κοινόν
1460 3295 1507 3351 τόν

429 3389 529 3447 κανόνα
551 3396 637 3449 ποιεῖν
657 3397 764 3451 πάντων
784 3399 836 3452 τῶν
856 3397 921 3452 νέων
940 3396 986 3463 τῆς
1013 3391 1132 3467 ἀγωγῆς,
1161 3392 1192 3450 ού
1219 3398 1271 3450 τῶν
1298 3392 1388 3452 αύτῶν
1415 3403 1506 3468 καθη-

428 3495 527 3550 κόντων
546 3497 580 3572 τῇ
600 3518 627 3552 το
648 3500 818 3574 σπανιωτάτη
839 3499 915 3570 φύσει
937 3494 984 3551 καί
1006 3495 1037 3573 τῇ
1060 3499 1135 3576 κοινῇ
1155 3501 1261 3553 πάντων
1282 3502 1334 3554 τῶν
1356 3502 1435 3568 νέων,
1465 3491 1507 3564 οἷς

428 3592 549 3674 ίκανάθ)
572 3594 717 3675 συνετόςί)
746 3603 801 3655 ἐστι
822 3600 996 3676 φροντιστής,
1023 3595 1059 3665 ῶς
1079 3601 1181 3678 εἴρηταί
1201 3621 1248 3673 μοι
1269 3603 1410 3678 πρότερον.
1444 3596 1505 3658 ἀλλ’

427 3698 473 3755 ἐπὶ
493 3702 527 3759 τά
546 3703 663 3773 ἑπόμενα
684 3704 790 3774 μέτιμεν
801 3698 841 3780 ⁸).

507 3864 524 3889 ,,
536 3823 648 3876 Ταῦτα
671 3819 831 3888 είιιόντες
852 3824 1079 3901 ἐβαδίζομεν,
1102 3825 1162 3889 καί
1183 3827 1427 3898 κατελάβομεν
1447 3827 1509 3882 τόν

427 3915 658 3994 ,Ἀντιφῶντα
692 3925 810 3993 οἴκοι,
844 3931 1004 3996 χαλινόν
1039 3949 1119 3983 τινα
1152 3931 1279 3998 χαλκεῖ
1315 3927 1507 3984 ίκδιδόντα

427 4028 638 4094 ,,σκευάσαι·
659 4030 778 4099 ἐπειδὴ
800 4022 827 4084 δ’
852 4031 991 4087 ἐκείνου
1013 4029 1211 4105 ἀπηλλάγη,
1243 4032 1278 4086 οἵ
1296 4052 1330 4087 τε
1351 4028 1508 4101 ἀδελφοί

428 4128 570 4203 ,ἔλεγον
591 4127 681 4204 αύτῷ
702 4115 747 4186 ῶν
768 4131 869 4189 ἕνεκα
890 4136 1099 4211 παρείημεν,
1122 4132 1338 4209 ἀνεγνόιρισί
1357 4135 1392 4188 τὲ
1412 4153 1450 4204 με
1472 4130 1507 4188 ἔτι

494 4399 522 4466 Ι)
541 4400 674 4455 Β.ί’λιιειν.
711 4431 743 4444 —-
782 4402 811 4468 9)
829 4403 858 4453 Β.
878 4401 906 4452 C.
927 4405 958 4452 D.
981 4406 1077 4472 ψυχῆς,
1101 4407 1144 4455 καί
1161 4401 1222 4456 ἀπὸ.
1259 4433 1292 4441 -
1336 4403 1365 4469 ὅ)
1388 4402 1418 4453 C.
1439 4401 1506 4455 διτο-

338 4545 340 4548 .
426 4490 549 4554 κειμένων.
583 4517 617 4526 -
652 4487 685 4555 ά)
704 4489 733 4538 Β.
754 4491 796 4538 καί
812 4491 869 4554 περί
885 4487 932 4547 τάς
950 4492 1007 4541 τῶν.
1038 4492 1071 4540 D.
1091 4493 1134 4540 καί
1150 4489 1197 4548 τάς
1216 4491 1258 4558 [έν
1274 4497 1333 4548 ταῖς
1352 4486 1505 4556 ὑποθέσεσι]

426 4575 491 4640 περί.
530 4602 559 4614 ·-
594 4572 623 4639 ὅ)
642 4575 672 4623 Β.
693 4573 721 4624 C.
740 4574 772 4624 D.
789 4572 874 4641 μήπω.
911 4603 943 4613 -
984 4573 1014 4641 0)
1032 4578 1061 4628 B.
1080 4575 1173 4634 ἱκανός.
1213 4605 1240 4613 -
1282 4574 1312 4640 7)
1332 4575 1412 4625 01).
1433 4594 1507 4627 συνε·

427 4657 500 4716 στάς.
536 4685 570 4695 -
604 4658 634 4724 8)
654 4658 683 4708 C.
703 4660 735 4708 D.
754 4664 864 4727 με’τειμι.
