3775 5442
474 638 537 703 aba
778 636 863 696 Liber
886 636 1039 695 secundus.
1082 632 1184 727 Sentio
1206 632 1228 691 i.
1293 670 1297 679 ι

473 815 614 873 uturum
652 824 756 871 renim
789 824 847 889 per
880 807 1013 886 spatium
1050 810 1243 866 munorum
1275 820 1395 885 perque
1430 810 1556 884 tempus

473 912 649 975 durantinm
671 890 826 984 deducat,¹
850 928 941 989 quam
969 913 1080 990 argute
1100 906 1220 981 eliciat,
1253 924 1350 986 quare
1369 924 1502 988 corpora
1522 908 1556 971 in

472 1016 625 1079 inlinitum
649 1012 824 1087 divisibilia,
847 1030 942 1091 quare
963 1012 1015 1072 hic
1036 1011 1169 1073 mundus
1181 1011 1213 1070 in
1230 1006 1383 1071 inlinitum
1397 1016 1554 1084 extensus,

471 1098 622 1198 temporis
643 1116 763 1177 infinita
784 1116 907 1177 duratio
928 1133 991 1176 unu
1014 1114 1056 1176 sit
1076 1131 1112 1175 rs
1133 1114 1211 1192 ipsa,
1234 1112 1290 1173 sed
1311 1112 1426 1193 specie.
1448 1114 1557 1194 Neque

342 1279 345 1287 ,
472 1219 584 1289 iniuria
596 1216 909 1293 Scblaiermacberns,
933 1237 1106 1298 quanquam
1126 1234 1230 1276 veram
1251 1216 1473 1295 propriamque
1494 1219 1557 1279 rim

471 1339 535 1385 ann
566 1322 657 1402 piane
692 1325 807 1399 sensit,
839 1323 919 1385 banc
957 1321 1184 1403 expositionem
1212 1319 1383 1381 admiratus
1412 1322 1559 1412 est.“·-

472 1427 612 1505 „erta
632 1425 769 1507 deniquo
790 1444 863 1506 pars
884 1424 1039 1488 secundae
1059 1429 1109 1483 est
1130 1422 1297 1498 simillima,
1318 1421 1464 1502 nibiiqna·
1479 1423 1558 1485 sdii-

472 1529 617 1591 mendum
639 1546 709 1590 esse
729 1533 835 1592 reor.“
857 1564 899 1574 —
949 1529 998 1589 Eu
1018 1527 1115 1589 babes
1137 1525 1282 1588 Sucirorii
1303 1525 1345 1587 de
1365 1542 1463 1605 opere
1484 1527 1556 1588 Pla-

471 1633 577 1694 toulco
590 1631 785 1706 sententiam,
808 1650 898 1711 qaam
917 1630 1175 1709 ideoputavlmus
1199 1630 1323 1691 uberius
1345 1629 1557 1708 exponendam

472 1753 552 1809 esse,
580 1735 652 1814 qula
683 1734 853 1797 serendum
882 1735 960 1809 luit,
990 1751 1031 1793 ue
1059 1733 1092 1793 in
1121 1732 1246 1794 brevius
1273 1722 1431 1793 contracte
1457 1736 1512 1793 ant
1538 1750 1558 1793 a

471 1838 563 1899 nobis
590 1838 666 1916 ipsis
701 1856 810 1917 parurn
844 1837 1002 1898 rideretur
1029 1835 1188 1897 intellecta
1217 1841 1369 1896 essesut
1396 1834 1489 1897 etism
1516 1835 1555 1897 ab

471 1940 648 2020 legentibus
675 1940 777 2000 minus
804 1940 1034 2019 perciperetur,
1062 1939 1147 2016 quod
1175 1937 1320 2019 proiecto
1346 1939 1379 2000 iu
1407 1943 1495 1999 unta
1524 1945 1558 2001 et

471 2042 695 2104 renuntiatum
723 2050 757 2104 et
783 2043 948 2104 verborum
979 2041 1168 2106 obscuritate
1196 2041 1290 2103 iaciie
1314 2038 1456 2101 accidere
1486 2046 1558 2121 pot-

471 2151 531 2206 est.
546 2178 588 2192 -
610 2143 759 2208 Venimus
781 2144 820 2206 ad
842 2146 1012 2207 ilenricum
1032 2144 1226 2219 llicbterum‚
1250 2144 1304 2222 qui
1325 2141 1422 2204 multo
1444 2142 1557 2205 diluci-

472 2248 544 2311 dius
565 2247 606 2307 de
627 2246 740 2310 eodem
761 2257 944 2329 argumento
968 2247 1111 2328 exposuit
1125 2250 1168 2327 *).
1218 2248 1278 2326 Qui
1300 2247 1383 2325 quod
1405 2264 1440 2308 se
1459 2247 1559 2327 profl-

471 2357 559 2413 tetur
579 2351 612 2412 in
633 2350 691 2411 b'ac
713 2350 895 2430 quaestione
921 2352 1081 2413 tractanda
1107 2351 1184 2411 mels
1207 2350 1346 2413 consiliis
1365 2341 1560 2430 aliquantum

472 2455 600 2529 debere,
622 2455 915 2516 communicaveram
937 2473 1007 2516 cum
1030 2455 1110 2535 ipso,
1131 2455 1309 2535 prinsquam
1332 2454 1444 2517 librum
1466 2474 1559 2517 suum

471 2557 514 2621 de
541 2557 621 2621 ideis
649 2556 878 2634 conscriberet,
910 2557 1003 2621 huius
1030 2559 1129 2638 ipsius
1157 2554 1373 2636 disputationis
1395 2577 1558 2634 summam,

472 2662 596 2742 qualem
625 2680 721 2742 supra
745 2660 786 2723 ¹iu
814 2661 932 2723 tabuiis
955 2661 1211 2742 consignavimus,
1234 2660 1350 2721 additis
1372 2661 1558 2741 quibusdam

472 2764 739 2846 expilationibus.
766 2763 815 2825 lix
836 2782 897 2844 quo
920 2761 1038 2827 iactum
1059 2768 1118 2840 est,
1140 2768 1176 2826 ut
1197 2763 1319 2825 etiamsi
1340 2762 1380 2823 de
1400 2762 1558 2827 nonnuliis

471 2869 567 2929 rebus
595 2868 757 2930 nobiscnm
785 2867 959 2929 consentiat
985 2866 1122 2948 egregie,
1154 2867 1185 2928 ln
1216 2866 1358 2948 piurimis
1380 2871 1494 2940 tamen,
1517 2865 1559 2927 da

474 2971 587 3050 quibus
609 2971 686 3033 nibli
708 2989 831 3032 eramus
853 2971 1054 3048 mutabatur,
1081 2978 1229 3033 anostra
1249 2971 1371 3033 ratione
1391 2968 1560 3049 plurimum

471 3075 607 3136 recedet
652 3073 771 3136 Bonum
794 3073 908 3136 laetum
930 3074 1036 3153 igitur,
1059 3075 1143 3153 qnod
1164 3093 1306 3154 maguem
1328 3079 1417 3134 certe
1437 3080 1558 3152 partem

471 3194 560 3237 suam
581 3175 679 3254 ipsius
702 3175 886 3236 seutentiam
908 3177 949 3238 de
970 3177 1031 3237 linc
1052 3176 1133 3238 libro
1157 3176 1328 3256 expiicarit‚
1352 3193 1443 3256 quam
1465 3175 1560 3238 rebe-

471 3283 595 3339 msnter
617 3275 793 3337 dubitamus
816 3296 854 3338 an
876 3297 937 3341 nou
961 3298 1100 3343 essemus
1120 3277 1267 3356 babituri,
1290 3272 1349 3340 nisi
1372 3279 1402 3340 si
1420 3281 1560 3360 apernis-

472 3396 577 3442 semus
599 3380 698 3440 totius
718 3377 810 3440 brrius
832 3365 1053 3460 disputationis
1074 3382 1170 3444 veluti
1191 3383 1318 3444 aditum.
1368 3384 1483 3447 Censet
1504 3402 1559 3445 su-

470 3480 743 3557 inilicitum,
773 3484 845 3562 qnia
872 3485 904 3545 iu
931 3486 1118 3551 l’arrneuide
1144 3484 1185 3547 de
1204 3482 1346 3569 idearum
1368 3486 1504 3549 essentia
1525 3492 1560 3549 at

471 3583 648 3647 rationibus
679 3585 870 3664 disseretur,
900 3597 933 3652 et
960 3610 998 3653 eo
1022 3590 1148 3671 quidem
1168 3586 1279 3663 modo,
1301 3594 1337 3649 ut
1360 3607 1430 3652 esse
1450 3608 1560 3653 earnm

472 3686 535 3749 rim
557 3693 591 3750 et
611 3689 792 3769 gravitatem
821 3693 853 3753 iu
876 3693 1019 3756 universa
1040 3690 1237 3774 pbilosophis
1263 3693 1425 3753 muimam
1448 3691 1559 3754 deien-

473 3791 575 3868 datur,
597 3792 629 3852 iu
652 3810 689 3853 ea
711 3796 893 3872 quaestione
913 3799 1018 3859 inesse
1039 3790 1187 3877 oportere
1208 3788 1360 3857 summum
1378 3795 1469 3858 buius
1491 3795 1561 3856 dia-

471 3894 538 3975 logi
559 3896 664 3970 tinem,
687 3914 788 3976 neque
810 3900 982 3961 audiendos
1005 3916 1075 3960 esse
1095 3888 1168 3973 eos,
1192 3899 1246 3977 qui
1267 3899 1560 3961 commentationem

472 3998 557 4059 iilam
574 3999 615 4059 de
626 4000 696 4061 Uno
718 4020 776 4080 pro
799 4005 940 4084 exemplo
964 4002 1096 4083 quodam
1121 4000 1281 4081 perlectae
1303 4000 1483 4062 dialecticae
1504 4001 1560 4060 ιιι-

471 4100 614 4163 bueriut:
643 4121 816 4183 quanquam
845 4107 930 4187 ipse,
960 4106 1139 4185 priusquam
1168 4103 1199 4165 ei
1224 4122 1325 4165 meam
1355 4105 1560 4183 probaveram

471 4204 635 4280 rationem,
663 4224 731 4267 eam
759 4210 943 4272 seutentiam
973 4211 1088 4270 acriter
1115 4205 1315 4275 deiendebat.
1363 4207 1462 4270 Missa
1483 4226 1560 4271 vern

472 4307 578 4386 priore
600 4310 751 4372 sermonis
766 4318 856 4391 parte
876 4315 926 4375 vir
946 4312 1058 4375 doctus
1077 4312 1109 4374 in
1132 4328 1171 4372 eo
1193 4310 1326 4373 maxime
1346 4310 1500 4387 elaborat,
1524 4316 1560 4374 ut

474 4409 694 4489 disputationis
730 4413 770 4473 de
801 4415 873 4477 [luo
905 4433 925 4477 s
958 4414 1146 4481 Parmenide
1182 4416 1309 4478 habitae
1341 4420 1560 4499 argumentum

474 4554 686 4566 --.ψ-ο

539 4631 566 4693 'i
584 4629 626 4681 De
643 4628 710 4678 ideis
727 4630 858 4681 Pistcsa's.
893 4631 966 4701 lips.
985 4628 1064 4685 ibib.
1081 4628 1110 4683 8.
1129 4650 1157 4703 p·
1176 4630 1215 4684 ss
1222 4650 1281 4704 sqq.
