3775 5442
670 618 756 679 Liber
775 621 894 697 primus.
938 622 1040 684 Sentio
1059 624 1101 693 ll.-
1383 635 1425 697 bt

328 794 362 852 in
385 806 507 870 genere
529 806 691 868 quousque
712 794 921 869 precesserint
943 802 976 856 et
999 802 1189 877 quantopere
1209 804 1349 865 scirmiue
1364 824 1422 867 suo

329 897 395 957 sint
416 892 525 967 abusi,
559 910 654 970 quum
676 894 883 959 liristicorum
905 916 1033 974 nomeu,
1069 920 1131 962 non
1152 903 1228 964 siue
1248 905 1362 968 invidis
1383 910 1422 972 iis

329 999 505 1075 tributum,
534 996 618 1056 band
650 998 816 1060 obscurum
843 999 938 1062 iaciat
965 1002 1129 1079 indicium,
1156 1010 1223 1066 tum
1251 1011 1353 1087 argnti
1374 1011 1421 1072 illi

329 1101 526 1181 syllogismi,
548 1118 680 1179 qnorum
701 1102 871 1165 ertitcmnt
892 1085 1085 1180 inventores,
1114 1107 1215 1168 adbirc
1236 1112 1312 1180 satis
1332 1113 1420 1173 lucu-
1490 1164 1494 1177 .

330 1207 417 1266 lente
441 1210 604 1265 testantur.
650 1205 838 1284 Quamquam
860 1208 943 1268 liarrd
963 1210 1029 1270 scic
1047 1229 1085 1270 ιιι
1105 1228 1167 1272 nnn
1184 1211 1215 1270 iu
1237 1214 1306 1274 sinis
1323 1215 1421 1276 refel-

331 1309 435 1369 lendis
457 1306 658 1387 physicorum
679 1309 801 1388 placitis
823 1311 1038 1387 substiterint,
1061 1313 1118 1374 sed
1139 1314 1232 1375 etiam
1252 1315 1339 1378 ideas
1350 1317 1421 1379 Pla·

330 1413 416 1474 tonis
439 1411 504 1472 scri
526 1411 694 1472 certamine
715 1413 779 1472 sint
799 1414 911 1476 adorti·
956 1416 1098 1494 Quodsi
1120 1435 1263 1495 quaeras,
1297 1438 1335 1478 ex
1356 1439 1419 1498 quo

330 1528 478 1596 tempore
505 1512 636 1575 mubns
664 1515 710 1575 ita
731 1516 769 1575 ab
791 1513 830 1578 iis
850 1517 967 1578 iamim
993 1536 1063 1579 esse
1084 1519 1243 1595 videatur,
1273 1523 1418 1601 equidem

329 1621 380 1680 six
407 1618 539 1691 dubito,
570 1617 648 1696 quin
675 1617 760 1679 baud
786 1619 831 1679 its
857 1621 957 1680 minito
986 1627 1059 1699 post
1080 1621 1199 1682 obitum
1221 1623 1358 1688 Socratis
1382 1646 1419 1687 es

330 1721 488 1784 dimensio
510 1725 581 1780 nats
602 1721 660 1794 slt,
681 1740 744 1800 quo
766 1730 909 1803 tempore
928 1722 1018 1783 Plato
1037 1721 1197 1785 dammone
1218 1745 1292 1787 suae
1307 1729 1418 1790 fianda-

330 1832 435 1887 meota
457 1822 595 1885 noudum
615 1823 659 1884 its
679 1825 814 1896 iecerat,
843 1829 879 1885 ut
899 1825 1048 1889 adblbltis
1069 1825 1282 1889 Eleaticorum
1305 1839 1337 1892 et
1358 1831 1419 1912 Py-

329 1929 556 2008 thagoreorum
583 1928 704 2008 placitis
733 1929 891 2008 graviores
919 1928 960 1989 de
996 1947 1033 1991 es
1067 1928 1279 1991 dubitationes
1306 1941 1419 2012 sponte

332 2036 560 2095 tumescerent.
625 2031 751 2092 Etenim
787 2032 924 2093 Socrate¹
958 2038 1085 2093 mortuo
1124 2039 1248 2095 constat
1280 2032 1417 2097 Socrati-

330 2156 384 2199 cos
425 2142 520 2216 atque
555 2135 656 2214 ipsum
690 2154 814 2215 quoque
847 2133 1010 2197 Platonem
1047 2136 1175 2215 triginta
1212 2142 1415 2216 tyrannorum

329 2246 416 2301 metu
445 2256 516 2301 sese
543 2237 687 2318 Megaras
715 2238 754 2298 ad
783 2238 947 2298 Euclidem
980 2239 1150 2300 contulisse
1170 2238 1277 2318 ibique
1299 2240 1416 2304 diutius

328 2362 403 2406 esse
423 2350 639 2405 commoratos.
682 2341 728 2401 lie
756 2360 816 2420 qus
842 2360 879 2401 rc
900 2341 962 2403 sid.
984 2338 1199 2403 Hermodorus
1221 2341 1302 2422 apud
1327 2345 1416 2425 Dicg.

328 2446 433 2508 hiri.
454 2447 489 2509 ll.
512 2448 603 2519 lue,
635 2445 684 2506 lll.
706 2446 736 2506 o.
767 2444 874 2523 ibique
901 2442 1026 2524 Menag.
1064 2446 1135 2507 coll.
1168 2446 1270 2507 Bentl.
1301 2448 1415 2527 0puse.

328 2548 412 2610 l’bll.
432 2568 463 2629 p.
482 2549 532 2610 54.
563 2548 613 2610 erl.
635 2548 717 2629 Lips.
760 2549 827 2609 Ast.
850 2545 891 2606 de
912 2546 986 2607 Vns
1008 2553 1040 2607 et
1060 2548 1193 2627 Scriptis
1215 2548 1293 2609 Plat.
1315 2571 1346 2630 p.
1362 2553 1415 2615 22.

328 2634 487 2733 Suspicsri
509 2660 612 2713 autem
634 2641 696 2713 nain
717 2651 784 2712 slne
803 2650 1082 2711 verisimilitudinis
1100 2652 1205 2729 specie
1223 2652 1298 2713 licet
1311 2655 1415 2715 Eucli-

299 2826 306 2833 ,
328 2757 403 2818 dem
426 2776 463 2817 ac
483 2756 645 2816 Platonem
665 2762 740 2815 tunc
760 2753 910 2832 temporis
934 2753 1104 2814 familiares
1127 2753 1167 2814 de
1189 2757 1281 2816 rebus
1304 2757 1343 2818 ad
1365 2777 1414 2819 ss·

326 2860 482 2938 pientiam
502 2860 727 2937 pertinentibus
749 2857 910 2918 miscuisse
931 2872 1109 2925 sermones;
1141 2856 1254 2932 quibus
1284 2858 1316 2920 id
1338 2860 1415 2922 elle-

332 2968 422 3021 ctum
452 2966 514 3033 est,
544 2968 575 3020 ut
602 2963 748 3042 quidnam
776 2957 964 3022 discriminis
990 2956 1073 3015 inter
1101 2957 1240 3034 ipsorum
1263 2962 1415 3023 rationem

330 3065 555 3139 intercederet,
583 3067 681 3146 magis
709 3065 868 3145 magisque
897 3059 1130 3141 perspiceretur
1159 3060 1302 3140 adeoque
1322 3070 1358 3123 ut
1378 3064 1415 3123 lit

328 3171 414 3229 inter
434 3168 574 3231 homines
597 3171 694 3231 erecti
715 3168 830 3249 ingenii
852 3166 883 3227 in
905 3162 1060 3225 eiusmodi
1083 3164 1346 3243 contentionibus,
1369 3168 1412 3229 sl-

328 3274 444 3333 multss
472 3274 621 3352 quaedam
647 3274 731 3334 iuter
758 3280 925 3348 utrumque
952 3268 1199 3330 subnasceretur.
1252 3270 1343 3348 erod
1370 3271 1414 3332 its

329 3377 471 3438 evenisse
498 3378 591 3438 etiem
621 3397 657 3437 ea
682 3375 817 3437 reddent
843 3371 1031 3445 verisimile,
1061 3389 1140 3450 quae
1161 3390 1262 3451 nuper
1281 3374 1313 3434 in
1335 3374 1413 3436 Pro-

328 3480 501 3558 legonnenls
523 3482 562 3541 ad
585 3480 791 3540 'l'heaetetum
814 3474 1020 3554 exposuimus.
1065 3474 1148 3552 Quid
1170 3475 1267 3555 igitur
1290 3476 1413 3552 mirum,

328 3582 412 3661 qnod
442 3582 593 3662 Megarici
621 3583 734 3643 deinde
762 3580 901 3642 l’latouis
930 3578 1118 3652 doctrinam,
1156 3597 1248 3657 quam
1275 3579 1323 3639 vel
1344 3579 1414 3658 ipse

327 3687 466 3747 nondum
490 3686 528 3747 ad
550 3686 662 3747 iustam
683 3683 935 3764 perspicuitatem
959 3683 1150 3755 excoluerat,
1182 3681 1233 3741 rel
1254 3681 1301 3741 illi
1323 3700 1413 3743 secus
1532 3733 1534 3735 ,

327 3798 423 3868 atque
446 3790 617 3851 debuerant
637 3787 833 3867 interpretati
856 3793 953 3859 erant,
976 3783 1070 3845 armis
1081 3782 1260 3857 dialecticis,
1280 3805 1412 3864 quorum

328 3912 386 3953 usu
409 3894 511 3971 probe
531 3901 620 3954 crant
642 3890 818 3964 exercitati,
841 3889 1021 3967 gravissime
1042 3885 1144 3947 adorti
1166 3888 1264 3947 stunt?
1307 3888 1413 3947 Enim-

327 4013 402 4054 sero
426 3996 510 4073 qued
532 3997 620 4058 Plato
643 3997 728 4058 ideas
753 3995 819 4057 sive
839 3999 979 4054 aeternas
995 4010 1100 4053 rerum
1118 3991 1238 4069 species
1261 4007 1331 4051 esse
1351 3998 1413 4050 sta-

327 4100 456 4172 tuebat,
480 4118 558 4177 quae
581 4119 674 4179 quum
695 4117 754 4178 per
770 4116 806 4158 se
820 4103 960 4157 extarent
973 4112 1156 4173 omnemque
1172 4093 1413 4171 complecteren-

327 4209 379 4261 tur
402 4203 585 4277 essentiam,
608 4209 709 4263 tamen
732 4220 793 4262 non
816 4201 916 4261 solum
938 4198 1022 4258 inter
1042 4197 1141 4276 ipsas,
1164 4196 1219 4257 sed
1239 4195 1330 4254 ctiam
1344 4211 1412 4251 cum

327 4306 514 4385 corporibus
527 4305 640 4366 uariam
655 4305 806 4365 haberent
824 4302 1081 4376 coniunctionem,
1100 4309 1168 4359 erat
1181 4300 1241 4358 boc
1253 4297 1413 4356 decretum

326 4409 501 4482 eiusmodi,
525 4408 608 4487 quod
630 4410 769 4488 ipsorum
791 4408 830 4466 de
852 4407 933 4466 liuta
954 4404 1126 4465 sententiae
1140 4402 1253 4477 mirum
1267 4402 1413 4476 quantum

327 4513 556 4573 sdversaretur.
600 4513 773 4575 Videbatur
788 4510 869 4570 enim
882 4509 971 4571 Plato
989 4508 1102 4569 tollere
1127 4500 1242 4570 οὐσίας
1264 4502 1413 4560 unitatem

325 4626 360 4677 ei
383 4616 604 4692 constantiam,
634 4634 726 4694 quum
750 4615 862 4675 suriam
884 4630 955 4675 esse
982 4611 1078 4672 vellet
1098 4613 1190 4684 atque
1212 4601 1414 4680 multiplicem
