3775 5442
415 633 478 698 lto
745 632 830 691 liter
851 633 971 709 prims.
1014 630 1112 690 Sectio
1135 630 1169 689 V.

415 804 644 867 multitudinem
672 822 708 865 ac
734 803 915 864 venustem
935 802 1038 863 etism
1066 799 1192 863 unitatis
1219 799 1285 860 aiae
1314 799 1405 861 idere
1426 819 1500 863 con-

416 907 561 971 stantiam
597 905 826 987 quodmodo
859 905 929 985 ipso
969 902 1116 983 suscepit
1176 901 1362 966 Posteriorls
1395 913 1500 966 autem

416 1010 607 1091 significatus
639 1027 748 1071 rursus
782 1008 898 1089 duplex
926 1015 976 1070 eat
1015 1007 1105 1069 ratio.
1170 1007 1233 1068 Aut
1268 1004 1350 1069 enlm
1390 993 1500 1067 τᾶλλα
1539 1001 1543 1011 ’

417 1113 590 1194 significant
627 1111 708 1173 hanc
741 1130 845 1175 rerum
883 1111 1115 1174 universitatem
1143 1118 1287 1187 unquam
1316 1113 1429 1189 totum
1443 1108 1501 1169 ali·

417 1215 518 1297 qnod,
547 1214 631 1295 quod
659 1221 780 1276 ceteras
810 1221 916 1294 pertes
937 1233 1046 1277 omncs
1067 1213 1100 1274 ia
1120 1232 1156 1275 se
1177 1212 1424 1292 complectatur,
1446 1216 1501 1272 aut

416 1318 555 1382 indicant
574 1335 626 1379 rea
642 1316 839 1393 individuas,
861 1335 941 1398 quius
956 1323 1029 1380 suut
1041 1323 1146 1396 portes
1160 1315 1305 1378 universi.
1350 1315 1501 1394 Quocirca

417 1419 547 1500 singull·
567 1419 646 1482 lods
667 1419 833 1481 ridendum
856 1428 921 1497 ert,
944 1428 1015 1483 ntra
1036 1418 1146 1480 harum
1168 1418 1425 1499 significationum
1446 1419 1502 1479 ad-

417 1524 569 1589 mittendo
597 1524 656 1597 alt,
683 1529 754 1587 utra
774 1525 968 1604 repudianda
988 1531 1083 1604 utque
1104 1521 1245 1582 arcenda.
1289 1507 1429 1599 lienique
1449 1539 1501 1582 aea

417 1628 540 1700 licitae,
567 1627 632 1689 slve
659 1632 788 1688 cunctae
807 1627 1024 1708 intelliguntur
1045 1627 1112 1689 slve
1130 1625 1286 1703 aldgidae,
1313 1642 1423 1684 rursus
1444 1625 1502 1685 dur-

418 1729 492 1810 plicl
513 1728 609 1791 modo
629 1737 747 1809 queunt
767 1730 968 1792 considerari.
1013 1730 1115 1808 Quium
1135 1731 1217 1788 enlm
1239 1743 1331 1787 omne
1346 1727 1395 1800 id,
1417 1727 1502 1805 quod

418 1831 539 1894 linitum
560 1831 702 1919 ponitur,
729 1838 783 1893 aut
804 1851 862 1911 per
882 1852 919 1894 ae
939 1849 1080 1894 seorsum
1102 1831 1202 1911 possit
1229 1848 1317 1903 csse,
1351 1839 1503 1908 qautenus

419 1954 506 1996 auam
527 1934 588 1995 sibi
610 1941 765 2012 propriam
787 1934 883 1996 habet
903 1939 1060 2010 neturnm,
1082 1942 1137 1995 ant
1158 1933 1271 1997 reterri
1286 1932 1326 1994 ad
1343 1934 1413 2007 alit,
1436 1935 1503 2013 qui-

419 2039 549 2100 buscum
577 2037 807 2099 necessitudine
835 2035 937 2116 aliqua
964 2037 1007 2100 ait
1033 2039 1212 2118 colligatum
1239 2043 1273 2097 et
1295 2035 1502 2110 coniunctum,

420 2147 485 2223 tum
507 2137 600 2199 etiam
620 2125 729 2201 τᾶλλα
751 2159 770 2199 a
789 2140 975 2202 Parmenido
995 2141 1090 2202 modo
1104 2149 1249 2219 unquam
1264 2139 1296 2201 in
1309 2157 1344 2201 ae
1359 2140 1502 2202 absoluta

307 2245 310 2254 '
415 2241 514 2304 modo
535 2244 572 2300 nt
591 2241 689 2301 relata
710 2242 749 2303 ad
771 2241 858 2304 ideas
885 2250 1175 2306 commemorantur.
1217 2243 1264 2305 le
1292 2244 1405 2323 quibus
1435 2243 1502 2323 qui-

417 2345 491 2406 dem
513 2348 617 2404 unum
637 2343 740 2405 lomun
761 2345 891 2424 micat,
913 2347 1048 2428 intelligi
1065 2346 1133 2409 lere
1149 2345 1224 2433 licet
1237 2364 1275 2408 ex
1287 2349 1502 2427 oppositorum

420 2449 550 2509 ratione.
592 2445 669 2507 Nam
692 2467 786 2528 quum
807 2438 916 2514 τᾶλλα
937 2456 1004 2512 tote
1033 2470 1069 2512 cx
1097 2450 1176 2511 ideis
1206 2449 1377 2528 pendeant,
1409 2449 1503 2510 facile

421 2557 471 2612 cst
491 2550 532 2612 ad
552 2548 804 2630 intelligendum,
826 2553 886 2615 irae
907 2555 1011 2633 prouti
1033 2555 1084 2615 uei
1106 2554 1248 2615 absolute
1273 2552 1324 2613 vel
1345 2571 1504 2630 compara-

421 2653 484 2716 tive
511 2658 706 2733 spectentur,
734 2655 835 2716 etism
864 2675 916 2721 rea
944 2658 1002 2719 suh
1031 2675 1141 2720 sensus
1168 2656 1324 2718 subiectas
1351 2656 1503 2718 docuero

420 2756 515 2823 modo
538 2757 729 2819 considerari
750 2763 928 2838 oportere..

507 2861 610 2938 Atque
633 2859 711 2926 urse
738 2861 807 2923 lere
828 2870 901 2933 sunt
923 2850 1031 2942 quan,⁴
1049 2862 1226 2943 priusquam
1255 2861 1294 2922 ad
1323 2863 1420 2942 ipsam
1442 2861 1504 2922 loci

423 2963 595 3045 grauissimi
627 2972 722 3044 atque
749 2965 926 3031 diitieillimi
958 2965 1247 3046 interpretationem
1275 2965 1503 3040 accederemus,

423 3067 647 3149 praemittenda
674 3069 856 3145 putarimus.
906 3068 953 3129 Ne
980 3085 1054 3129 vero
1075 3068 1278 3145 multiplicem
1298 3068 1391 3130 istum
1415 3087 1505 3128 soce-

416 3172 566 3235 tutorum
589 3185 678 3228 usum
700 3170 823 3233 mireris
845 3177 899 3230 aut
928 3177 1049 3238 temere
1070 3170 1236 3232 admissum
1264 3189 1335 3233 esae
1361 3188 1505 3243 oensem

423 3271 478 3331 ubi
507 3287 629 3336 omnem
660 3270 877 3349 disputationis
906 3272 1047 3335 ordinem
1075 3279 1109 3332 et
1136 3291 1334 3353 progressum
1363 3277 1505 3335 accurate

424 3372 679 3452 perlustraveris,
707 3373 868 3441 fatendum
896 3395 971 3441 sane
997 3376 1072 3450 erit,
1101 3384 1186 3437 tanta
1213 3396 1291 3438 cum.
1304 3384 1373 3437 arte
1393 3376 1452 3437 hac
1472 3374 1505 3436 in

423 3493 460 3537 rc
487 3481 642 3538 versatum
670 3495 740 3537 ease
768 3478 1003 3559 philosophum,
1038 3488 1074 3543 nt
1110 3480 1193 3559 quod
1226 3481 1327 3560 primo
1357 3479 1504 3558 suspectu

424 3578 588 3643 temerario
601 3598 668 3640 cum
681 3581 805 3644 licentia
818 3584 1013 3644 coniunctum
1027 3584 1183 3657 videntur,
1205 3583 1237 3645 id
1252 3582 1351 3662 ipsum
1369 3602 1506 3644 summae

425 3682 501 3746 artis
529 3690 742 3760 argrrmentum
772 3687 891 3755 conseri
919 3692 1070 3766 oporteat.
1122 3688 1229 3767 Neque
1255 3685 1336 3747 enim
1364 3686 1419 3746 tttc
1446 3703 1504 3765 pro

425 3784 553 3852 arbitrio
581 3802 637 3846 suo
666 3803 702 3847 ac
731 3788 798 3849 aine
824 3789 946 3851 cutione
973 3788 1031 3853 luco
1060 3789 1093 3849 ln
1120 3808 1157 3850 re
1183 3797 1323 3851 versatus
1354 3794 1418 3862 est,
1448 3788 1505 3849 sed

425 3887 665 3970 prudentissimo
694 3891 822 3955 consilio
855 3893 1056 3972 multiplicem
1083 3893 1248 3953 verborum
1274 3910 1363 3953 ursum
1394 3896 1505 3951 ottem-

426 3991 547 4072 perarlt
567 3986 626 4070 ipsi
639 3993 857 4074 disputationis
876 4004 1076 4076 argumento,
1098 3995 1148 4056 cni
1163 3994 1224 4057 hoc
1238 3999 1288 4057 est
1298 3992 1504 4073 propositum,

426 4102 462 4158 nt
489 4094 614 4156 unitatis
642 4095 748 4158 linitae
777 4103 903 4177 notura,
937 4096 1097 4172 condicio,
1135 4099 1215 4164 rstio
1244 4101 1279 4156 et
1305 4095 1504 4161 necessitudo

426 4199 509 4262 omui
532 4219 569 4260 ex
590 4205 679 4277 porte
698 4200 882 4272 illustretur.

511 4303 611 4365 Unum
634 4307 748 4378 rmtnt,
772 4305 894 4384 dequo
917 4304 978 4366 hoc
999 4304 1100 4365 atatim
1124 4303 1194 4363 loco
1215 4301 1441 4362 admonendum
1462 4301 1506 4364 vl-

427 4405 535 4478 detnr,
557 4423 597 4464 ue
618 4423 677 4483 que
696 4404 780 4467 torte
802 4407 953 4469 dubitatio
976 4407 1016 4469 de
1037 4407 1209 4468 senteutiee
1229 4409 1355 4467 nostroe
1376 4406 1507 4466 ueritate

426 4507 459 4567 in
486 4507 653 4587 logentium
682 4510 791 4572 animis
820 4511 1007 4578 surboriatnr.
1060 4507 1182 4571 Etenim
1210 4499 1253 4570 τὰ
1282 4499 1375 4585 ἄλλα
1398 4528 1505 4570 reverc

428 4592 469 4672 de
495 4610 677 4688 corporibus
707 4614 771 4675 sive
799 4615 893 4677 rehum
928 4616 985 4679 sub
1014 4632 1123 4676 sensus
1154 4614 1301 4677 erudientis
1329 4613 1504 4692 accipienda
