3775 5442
667 668 755 731 Liber
774 673 893 750 primns.
937 672 1039 733 ilectlo
1061 674 1109 734 lv.
1344 729 1346 732 <
1388 684 1432 746 85

334 838 502 904 liubitsilo
524 845 628 904 tamen
648 841 710 904 boc
730 845 800 905 loco
822 845 1033 920 subnascitur,
1071 864 1127 908 cur
1146 847 1226 909 illud
1246 849 1427 933 inscriptis

332 946 402 1008 suis
425 962 492 1005 non
512 946 588 1006 item
603 948 779 1025 exposuerit
795 953 828 1008 et
838 946 1049 1010 illustraverit.
1093 951 1191 1028 Quam
1206 953 1256 1030 ,its
1273 961 1425 1018 removeri

331 1066 434 1130 posse
455 1052 617 1127 putamus,
639 1053 675 1108 ut
692 1050 861 1139 plerosque
873 1052 939 1112 eins
952 1051 1092 1140 dialogos
1106 1049 1316 1118 existimemus
1327 1060 1424 1138 magis

331 1152 374 1213 ad
395 1149 559 1231 rnlgsrem
580 1148 739 1211 hominum
762 1156 885 1231 captum
908 1141 1157 1218 accommodatos
1186 1177 1277 1238 quanm
1305 1160 1345 1221 ad
1366 1161 1423 1223 do-

331 1254 457 1316 ctrluse
483 1252 624 1314 idearum
652 1272 776 1317 oausam
803 1262 836 1317 et
861 1257 1000 1321 ustiones
1032 1259 1192 1321 subtiliter
1206 1262 1422 1341 explorandus

330 1361 533 1439 compsrstos
554 1374 633 1418 esso.
677 1356 755 1417 Nam
777 1363 902 1437 praeter
929 1359 1152 1439 lbeaeteturm,
1186 1361 1364 1445 sophistam
1386 1384 1423 1428 ac
1529 1384 1533 1389 ·

330 1458 552 1524 i’srmeuldem
574 1459 677 1521 nullus
700 1458 769 1520 lere
791 1463 872 1524 liber
894 1465 961 1524 eins
982 1468 1084 1539 extat,
1107 1464 1140 1525 iu
1161 1484 1223 1546 quo
1245 1467 1286 1528 de
1306 1467 1421 1548 prinoi-

331 1567 393 1647 piis
416 1561 567 1631 scientiae
588 1567 621 1622 et
641 1561 781 1624 idearum
804 1567 976 1627 nculcatius
990 1565 1190 1644 disquiratur.
1233 1570 1325 1647 Quod
1345 1588 1420 1632 aero

332 1672 364 1730 in
385 1666 438 1728 iris
458 1664 538 1745 ipsis
560 1663 664 1737 libris,
687 1684 723 1725 ac
743 1668 924 1729 nominatim
947 1668 979 1729 ln
1006 1667 1205 1747 Parmenide,
1237 1670 1322 1732 illam
1350 1691 1420 1735 seu-

333 1770 467 1833 tentiam
490 1769 536 1830 lts
549 1764 733 1846 explicarit,
756 1776 791 1830 nt
811 1777 943 1851 propter
964 1770 1116 1833 rationem
1139 1772 1313 1835 disserendi
1330 1775 1421 1853 plane

331 1872 523 1953 singularem
551 1870 600 1932 vix
628 1870 867 1947 animadvertas,
894 1873 979 1934 idem
1000 1873 1096 1949 illud,
1129 1874 1213 1954 quod
1234 1875 1420 1939 Aristoteles

331 1979 446 2057 slilque
468 1977 616 2055 tangunt,
638 1974 783 2053 placitum
805 1974 970 2051 illustrari,
999 1976 1066 2037 eluas
1095 1977 1143 2037 rel
1171 1995 1279 2041 caussa
1306 1979 1420 2060 partim

332 2082 365 2143 in
384 2081 478 2143 buius
500 2077 679 2158 scriptionis
702 2079 830 2143 oonsilio
852 2079 1028 2159 quaerenda
1050 2084 1116 2153 est,
1136 2082 1251 2159 purtim
1273 2081 1348 2145 inde
1368 2100 1419 2144 re-

332 2182 484 2265 petenda,
515 2182 600 2262 quod
627 2182 831 2263 philosophus
853 2181 945 2243 aliter
966 2181 999 2242 ln
1020 2181 1153 2258 scholia,
1186 2186 1277 2246 alitor
1298 2185 1329 2246 in
1351 2184 1419 2246 dis·
1549 2220 1552 2225 >

330 2289 413 2369 logis
433 2289 556 2348 locutus
579 2302 650 2346 esse
670 2285 842 2367 reperitur,
880 2285 920 2346 de
942 2303 1002 2363 qua
1023 2304 1060 2345 re
1080 2278 1228 2348 nonnulla
1251 2287 1418 2369 disputavit

330 2388 511 2452 Brundisina
539 2386 668 2448 Diatiib.
697 2406 727 2468 p.
746 2387 867 2468 bbsqq.
917 2386 1075 2449 Videlicet
1103 2391 1136 2450 ln
1157 2391 1272 2454 sobolis
1295 2411 1415 2454 morem

330 2493 599 2576 Pythagoreorum
626 2496 769 2566 secutus,
802 2498 838 2552 ut
865 2491 967 2553 omnia
988 2492 1028 2552 ad
1052 2512 1173 2554 summa
1192 2495 1344 2577 principia
1364 2510 1415 2555 re-

327 2602 456 2660 vocaret
475 2593 637 2667 subtilius,
659 2593 876 2657 mathematica
896 2595 945 2656 vis
961 2600 994 2655 et
1013 2596 1136 2657 ratione
1153 2599 1315 2679 explicavit
1337 2617 1416 2677 quare

329 2698 510 2781 explicanda
531 2696 720 2772 viderentur,
742 2697 876 2779 ideoque
896 2697 989 2759 etiam
1003 2718 1091 2759 usum
1107 2700 1327 2761 vocabulorum
1341 2718 1414 2761 cou-
1536 2790 1537 2793 Ἴ

328 2803 404 2865 silio
425 2821 483 2863 sno
504 2800 676 2881 prudenter
696 2801 954 2863 nocomm'odavlt:
983 2799 1214 2863 inl’urmeuide
1233 2806 1414 2864 autemnon

329 2905 415 2968 illud
435 2905 736 2987 inconspectum,
759 2910 794 2965 ut
816 2902 978 2963 doctrinae
998 2920 1073 2963 sure
1095 2903 1245 2982 principia
1260 2904 1414 2983 pateiace-

331 3014 401 3083 ret,
424 3008 491 3070 sed
518 3008 722 3069 simuletiam
744 3011 854 3069 contra
875 3003 1052 3084 Megaricos
1080 2988 1220 3066 ld'earum
1243 3005 1414 3065 doctrinam

328 3120 450 3176 tutatus
479 3119 542 3187 est,
574 3112 619 3172 ita
646 3112 788 3191 paridem,
821 3115 857 3171 ui
878 3107 997 3188 pariter
1024 3113 1117 3189 atque
1143 3109 1191 3170 llll
1211 3107 1350 3171 Eleatico
1374 3107 1414 3167 de

325 3224 403 3278 ente
424 3217 551 3278 decreto
573 3214 612 3276 ud
634 3232 700 3276 rem
722 3234 807 3277 suam
829 3218 974 3274 uteretur
985 3211 1120 3292 ideoque
1136 3211 1305 3293 principem
1323 3212 1413 3272 Eleu-

325 3322 462 3383 tieorum
484 3318 665 3398 magistrum
687 3319 893 3379 disserentem
920 3315 1143 3377 introduceret
1193 3315 1345 3394 Quocirca
1371 3306 1410 3375 τὸ
1462 3397 1465 3403 ¹
1517 3296 1525 3309 ’

324 3427 413 3505 μέγα
436 3421 492 3482 καὶ
515 3413 556 3482 τὸ
578 3415 698 3505 μικρόν
721 3421 787 3483 slve
807 3420 958 3480 influitam
979 3417 1119 3480 idearum
1137 3419 1232 3479 veluti
1251 3417 1410 3478 materiam

323 3534 421 3606 atque
442 3522 562 3585 iontem
583 3521 644 3583 iam
666 3525 727 3585 τοῦ
749 3518 822 3597 ἑνός
850 3522 975 3582 nomine
996 3522 1171 3601 insignivit,
1207 3521 1302 3601 idque
1322 3527 1409 3580 tanto

321 3628 444 3692 nutius
466 3626 528 3688 sibl
547 3644 671 3688 sumere
683 3626 803 3706 potuit,
826 3623 910 3704 qarod
923 3641 1042 3685 summa
1054 3625 1138 3685 inter
1150 3624 1213 3685 Flos
1227 3624 1303 3684 illud
1318 3630 1410 3702 atque

321 3732 482 3796 infinitum
503 3749 601 3811 genus
625 3726 913 3809 Pytbsgoricorum·
926 3726 966 3787 ad
988 3706 1152 3789 essentiam
1170 3727 1308 3788 idearum
1329 3727 1409 3787 relu-

320 3848 390 3901 tum
413 3833 583 3897 intercedit
603 3833 789 3906 similitudo,
817 3852 896 3912 quiae
918 3832 1061 3911 quidem,
1096 3836 1225 3909 utraque
1246 3836 1356 3892 natura
1376 3830 1408 3889 lu

321 3962 419 4005 uuum
443 3938 624 4009 coniuncta,
645 3939 730 3995 tanta
752 3941 816 4010 est,
838 3942 874 3997 ut
894 3936 962 4016 lpae
985 3936 1137 4015 ambigas,
1165 3940 1269 3995 ntmm
1296 3933 1408 3996 induiti

321 4066 358 4108 aa
390 4041 522 4105 unitatis
552 4057 663 4100 nomen
692 4040 735 4101 ait
756 4037 867 4117 aptius.
910 4032 1040 4101 Accedit
1062 4038 1145 4117 quod
1167 4038 1250 4099 idem
1271 4038 1351 4100 illud
1373 4037 1407 4096 ἓν

320 4152 418 4212 etiam
450 4147 490 4205 de
517 4142 646 4222 singulis
681 4142 760 4202 ldeia
788 4142 901 4202 deinde
930 4141 1094 4202 commode
1122 4143 1225 4222 potuit
1253 4138 1407 4219 usurpari,

320 4251 410 4334 quod
439 4247 547 4327 quanti
574 4247 722 4307 momenti
751 4244 872 4307 Platoni
902 4244 1046 4306 debuerit
1073 4242 1171 4304 videri
1202 4244 1241 4304 ad
1272 4241 1407 4303 universi

319 4352 474 4432 colloquii
495 4351 647 4411 rationem
669 4367 705 4409 ac
727 4346 983 4428 descriptionem,
1004 4346 1087 4408 inira
1103 4347 1227 4407 demum
1243 4345 1407 4424 perspicue

318 4458 528 4536 intelligetur.
578 4452 641 4514 Sed
669 4472 762 4532 quum
790 4453 834 4512 ita
860 4468 968 4512 caussa
994 4449 1070 4512 satis
1104 4448 1218 4508 idonea
1250 4455 1406 4526 appareat,
1441 4450 1446 4463 '

318 4560 527 4646 quamobrem
554 4555 644 4617 Plato
672 4553 821 4617 indultam
850 4555 1033 4629 essentiam,
1065 4552 1185 4631 qualem
1213 4557 1318 4612 mente
1340 4560 1407 4613 erat

318 4668 522 4749 complexus,
558 4658 591 4724 in
611 4659 674 4722 hoc
694 4676 839 4724 emmone
861 4660 921 4723 τοῦ
943 4651 1016 4731 ἑνός
1038 4655 1161 4718 nominc
1181 4653 1407 4736 siguiilmrerlt,
