3775 5442
403 623 424 684 4
485 662 487 665 ·
837 619 1057 700 Prolegomeua.

282 832 309 895 3
377 795 432 883 'io
458 795 521 852 tam
550 791 688 852 diversas
718 795 824 870 partes
846 788 998 870 disputari
1030 792 1170 871 potuisse
1191 791 1322 852 necdum
1344 791 1383 852 ad
1404 791 1487 852 burne

400 932 500 992 rusque
529 913 612 976 diem
640 913 798 972 inventum
826 927 911 986 esse,
948 912 1000 989 qui
1029 911 1194 973 diuturnae
1222 912 1487 972 controversariae

400 1040 494 1113 atque
514 1033 587 1094 iude
609 1052 627 1092 a
649 1032 770 1093 duobus
793 1029 893 1091 ferme
915 1051 1063 1092 annorum
1086 1032 1222 1092 millibus
1241 1033 1374 1111 agitatae
1392 1032 1486 1091 tinem

400 1154 528 1215 faceret.
590 1154 675 1231 erae
714 1148 838 1230 quidem
872 1153 1009 1212 virorum
1052 1150 1300 1213 doctissimorum
1333 1152 1485 1213 dissensio

401 1292 495 1353 quum
518 1277 605 1332 certo
627 1272 669 1330 sit
690 1270 893 1346 documento,
916 1290 1018 1332 aeram
1041 1271 1112 1330 libri
1125 1271 1412 1350 interpretationem
1432 1276 1486 1329 aut

401 1390 537 1453 noudum
560 1395 714 1469 repertam
737 1385 808 1451 esse
829 1397 883 1452 aut
903 1410 966 1452 non
983 1392 1027 1452 ita
1040 1390 1231 1470 propositam
1244 1396 1276 1452 et
1294 1390 1484 1469 explicatam,

401 1519 438 1572 ut
460 1512 558 1573 omnis
576 1511 707 1572 tollatur
727 1511 949 1591 disputantium
966 1509 1132 1586 dubitatio,
1154 1511 1322 1572 verendum
1338 1516 1386 1570 est
1399 1527 1483 1582 saue,

401 1649 459 1706 ne,
481 1631 509 1692 si
532 1630 599 1709 qaris
620 1630 712 1691 buius
734 1651 862 1691 caussae
883 1631 1033 1691 arbitrum
1048 1651 1083 1690 se
1102 1651 1137 1690 ac
1154 1632 1394 1712 disceptatorem
1415 1627 1483 1688 ido-

401 1770 493 1812 neum
522 1751 664 1830 profiteri
693 1751 822 1822 audeat,
849 1750 876 1808 is
905 1751 955 1808 aix
983 1750 1192 1827 impudentiae
1217 1758 1273 1821 aaut
1300 1746 1484 1809 temeritatis

400 1879 505 1934 notam
528 1871 667 1950 effugere
690 1890 784 1948 posse
805 1869 957 1929 rideatur.
1003 1871 1153 1947 Quocirca
1181 1889 1240 1948 ego
1262 1869 1317 1929 diu
1338 1868 1483 1926 multum-

401 2010 461 2071 que
483 1989 636 2062 dubitari,
659 2007 731 2047 num
755 2007 832 2067 quae
854 1989 928 2048 iude
949 1989 987 2049 ab
1010 1989 1128 2067 aliquot
1146 1991 1232 2050 annis
1247 1989 1286 2047 de
1304 1987 1365 2047 hoc
1387 2003 1483 2063 opere

401 2114 624 2171 commentatus
646 2127 763 2183 essem,
787 2107 952 2186 aliquando
975 2109 1164 2188 divulgarem
1187 2115 1219 2169 et
1234 2105 1386 2171 communi
1402 2105 1483 2165 airo-

399 2249 468 2289 rum
490 2228 652 2289 doctorum
674 2229 792 2289 iudicio
811 2227 1004 2289 subiicercm.
1048 2228 1230 2288 Diuturnam
1246 2224 1481 2287 haesitationem

399 2347 524 2409 taudem
554 2353 586 2408 et
614 2348 709 2408 studii
737 2312 955 2428 magnitudinis
978 2348 1165 2408 couscientia
1187 2354 1220 2408 et
1241 2348 1322 2408 benc
1343 2342 1482 2404 merendi

400 2469 541 2529 voluntas
569 2468 736 2547 superavit.
789 2467 967 2530 Accedebat
994 2468 1145 2546 benevola
1171 2469 1338 2529 amicorum
1367 2464 1481 2524 adhor-

399 2590 495 2663 tatio,
533 2590 584 2668 qui
606 2589 772 2648 mouebant
792 2587 978 2663 identidem,
1010 2588 1109 2649 rideri
1130 2607 1180 2648 mc
1202 2588 1261 2649 sibi
1283 2605 1345 2647 non
1365 2584 1482 2646 frustra

399 2710 431 2771 io
461 2728 556 2789 opere
588 2707 767 2788 explicando
796 2707 1020 2783 elaboravisse,
1054 2728 1089 2769 ac
1117 2708 1144 2770 si
1173 2708 1246 2788 quid
1273 2707 1374 2766 minua
1395 2708 1481 2764 recte

399 2829 600 2904 indicassem,
635 2827 727 2888 focile
753 2847 847 2908 posse
869 2828 907 2889 ab
930 2828 968 2888 iis
992 2828 1095 2890 solatii
1117 2834 1296 2906 argumenta
1325 2828 1481 2905 repetere,

401 2916 452 3028 qui
487 2956 576 3009 antea
609 2948 640 3008 in
676 2949 805 3008 candem
839 2970 963 3011 arenam
997 2949 1240 3008 descendissent.
1295 2946 1351 3006 llis
1386 2943 1482 3022 igitur

400 3069 497 3128 rictus
524 3067 694 3127 rationibus
719 3067 843 3125 tandem
873 3069 906 3126 ln
934 3067 1033 3126 lucem
1064 3064 1218 3142 publicam
1241 3064 1386 3122 emittere
1408 3078 1481 3122 oon-

399 3185 486 3246 stitui
509 3201 599 3260 quma
621 3180 674 3240 diu
693 3183 725 3241 in
747 3183 867 3244 scriniis
889 3185 1077 3244 retinueram
1103 3182 1402 3244 commentationem.
1446 3179 1480 3240 ln

400 3294 465 3381 qua¹
492 3300 654 3361 scribenda
687 3304 867 3364 sen-andam
901 3302 1042 3364 duximus
1072 3309 1209 3363 veterem
1242 3306 1379 3363 nostram
1406 3319 1481 3361 con-

400 3421 612 3494 suetudinem,
646 3422 733 3484 carius
758 3443 816 3485 uos
843 3443 998 3502 nunquam
1020 3424 1189 3503 poenituit,
1219 3425 1258 3519 ut
1279 3437 1480 3498 sequeremur

374 3515 489 3620 'quiam
522 3541 681 3602 maximam
714 3547 865 3606 sermonis
901 3565 936 3605 ac
969 3543 1189 3606 sententiarum
1217 3541 1478 3620 perspicuitatem,

398 3678 500 3738 neque
512 3660 676 3722 afferendis
696 3665 861 3728 subtilibus
879 3666 1075 3739 commentis,
1098 3663 1154 3725 sed
1176 3663 1213 3723 iis
1236 3662 1273 3722 ab
1294 3662 1361 3740 ipsa
1373 3680 1478 3721 rerum

398 3780 528 3842 veritate
555 3781 678 3856 alicnis,
710 3784 825 3863 ingenii
854 3787 904 3847 vel
932 3785 1092 3846 doctrinae
1120 3783 1242 3843 laudem
1276 3786 1478 3859 captaremus.

398 3898 541 3962 (irassari
562 3920 636 3964 sane
656 3901 716 3963 boc
738 3905 849 3966 malum
872 3911 978 3967 nostra
1003 3910 1106 3966 aetate
1122 3903 1226 3982 coepit
1242 3901 1477 3974 incredibiliter,

397 4019 430 4082 id
452 4021 535 4099 qrrod
560 4022 620 4101 ipsi
649 4022 741 4083 facile
767 4028 1038 4088 animadvertimus
1064 4026 1096 4085 in
1122 4024 1261 4103 legendis
1283 4024 1320 4083 iis
1342 4020 1476 4099 scriptia,

397 4160 477 4219 quae
505 4158 604 4221 nrrper
631 4142 671 4203 de
692 4122 878 4207 Parmenide
898 4147 1058 4209 Platonico
1082 4143 1164 4204 edita
1185 4147 1266 4204 sunt.
1308 4142 1342 4201 ln
1365 4139 1475 4218 quibus

394 4259 537 4337 prolecto
566 4278 787 4340 saepenumero
822 4267 973 4346 ambigas,
1012 4262 1150 4342 magisne
1184 4261 1304 4321 mireris
1338 4259 1475 4336 tingendi

395 4381 705 4459 comminiscendique
730 4383 952 4462 impudentiam
980 4403 1019 4443 au
1040 4383 1138 4444 Latini
1161 4385 1193 4440 et
1214 4379 1388 4461 Germanici
1410 4398 1475 4440 ser-

393 4498 492 4559 monis
514 4504 707 4579 spurcitiem,
731 4523 810 4582 quae
830 4504 911 4584 apud
927 4504 1077 4583 quosdam
1096 4505 1180 4562 tanta
1195 4504 1259 4573 est,
1283 4506 1318 4561 ut
1330 4519 1369 4560 ne
1383 4518 1473 4561 unam

361 4694 366 4705 ι
392 4612 515 4689 quidem
538 4621 718 4683 seutentiam
740 4625 895 4704 reperias,
925 4639 1003 4703 quoe
1024 4640 1087 4684 non
1107 4620 1294 4701 turpissimis
1316 4623 1470 4700 inquinata
