3775 5442
469 643 533 707 808
803 641 890 703 Liber
912 643 1024 703 tutius
1066 641 1166 703 Sectio
1183 643 1225 703 il.

327 897 335 905 .
468 815 511 879 eis
537 813 645 879 oonios
670 811 816 878 hebuerit
842 815 981 896 sepino.
1009 833 1040 895 p.
1061 815 1135 878 21⁰.
1147 815 1183 878 11.
1213 835 1274 895 qno
1302 815 1372 881 locs
1392 814 1551 897 hospitem
1580 809 1582 815 ⁴

469 937 559 982 suum
587 917 758 981 Elcslicum
783 937 847 982 nou
873 919 917 980 sit
945 937 1015 983 esse
1044 918 1078 985 iu
1104 937 1212 985 eorum
1240 936 1369 980 numero
1398 937 1469 982 esse
1494 919 1551 982 lm-
1587 919 1589 924 '

468 1021 614 1095 bendum,
638 1020 691 1100 qui
714 1039 775 1083 uns
795 1021 874 1084 snos
895 1021 1100 1103 redarguendi
1120 1022 1290 1102 cupidllstc
1311 1022 1471 1097 letentur,
1494 1023 1550 1084 sed

467 1142 541 1189 esse
573 1116 792 1204 μετριώτερον
831 1126 899 1187 τῶν
932 1127 1006 1208 περὶ
1042 1119 1103 1199 τὰς
1137 1123 1250 1209 ἔριδας
1289 1118 1552 1191 ἐσπουδακότων.

468 1226 599 1293 seclo
618 1225 680 1290 slis
701 1224 886 1300 similitudo,
907 1246 998 1306 quem
1019 1228 1102 1291 inter
1120 1229 1278 1290 Zenonem
1300 1233 1393 1306 etque
1414 1227 1552 1308 Mepsri·

469 1349 524 1394 eos
544 1329 760 1395 intercessisse
780 1328 848 1408 ipsu
869 1349 977 1393 eorum
999 1333 1161 1412 discipline
1181 1331 1292 1410 orguil.
1345 1331 1447 1408 Quum
1468 1331 1553 1394 enlm

321 1428 337 1458 ‘
467 1434 556 1500 zeno
577 1432 655 1495 nihil
676 1431 761 1494 silud
782 1439 891 1513 egeres
912 1434 973 1497 niel
994 1440 1030 1497 ut
1052 1436 1153 1498 Unum
1175 1434 1250 1496 iliud
1270 1434 1461 1499 Parmenidis
1483 1440 1552 1496 lue-

468 1542 572 1612 retur,
603 1544 702 1597 ortem
731 1536 921 1600 disiectiem
949 1539 988 1602 iis
1017 1539 1130 1602 ilnibus
1158 1537 1416 1616 circumscripsit,
1448 1542 1484 1599 ιιι
1504 1536 1553 1598 ιιι

467 1638 645 1720 spspogics,
667 1658 758 1718 quom
779 1647 899 1716 vocent,
921 1642 1028 1718 multe,
1051 1660 1129 1722 quse
1151 1642 1271 1721 physici
1302 1660 1372 1702 esse
1394 1641 1550 1714 dicebsut,

468 1742 655 1824 disputsudo
676 1742 806 1805 tolleret
826 1762 863 1806 sc
884 1752 1068 1808 removeret.
1111 1744 1207 1806 (lecte
1229 1745 1354 1824 quidem
1376 1743 1458 1822 opud
1480 1743 1551 1805 Pis-

466 1844 677 1913 tenementis
700 1844 848 1907 nullstem
870 1847 914 1907 1ιι
935 1846 1087 1921 deleniti,
1111 1852 1290 1909 ntererum
1312 1845 1455 1910 sensibus
1477 1845 1551 1909 sub-

464 1949 618 2016 iectorum
640 1948 857 2010 oiserustione
878 1949 1015 2027 colliget,
1038 1966 1101 2011 nou
1122 1968 1216 2029 posse
1237 1950 1334 2010 mults
1351 1968 1431 2012 csse.
1453 1947 1551 2010 Nimi-

464 2069 537 2117 nm
559 2052 660 2130 ipsum
681 2050 759 2113 illud
781 2070 837 2114 eos
858 2050 920 2114 iuit
941 2050 1102 2126 eiusmodi,
1125 2052 1220 2131 quod,
1243 2070 1336 2129 quum
1359 2050 1443 2115 omni
1463 2067 1550 2125 crre-

468 2136 708 2215 retinentum
730 2154 888 2229 sorietne,
912 2154 1094 2217 disieclicee
1114 2154 1191 2216 erlis
1213 2153 1456 2232 explorationem
1480 2151 1551 2217 iere

427 2241 430 2246 ¹
464 2255 583 2319 nulium
605 2254 800 2317 sdmitleret:
823 2257 906 2318 unde
926 2259 994 2320 elus
1017 2258 1191 2320 disserendi
1213 2258 1292 2320 rollo
1314 2258 1346 2318 iu
1369 2275 1472 2319 rerum
1494 2255 1550 2316 sd·

464 2360 682 2441 spectebllium
704 2358 925 2422 diludicstione
946 2361 1094 2429 substitit.
1136 2366 1182 2424 Ac
1202 2360 1261 2424 uisi
1281 2378 1469 2440 meguopere
1490 2359 1551 2422 isi·

463 2464 577 2538 limus,
604 2462 748 2525 sinrlflter
773 2471 860 2527 certe
886 2464 1037 2545 Megsrioi
1069 2464 1102 2527 in
1128 2464 1307 2544 expllcsnds
1338 2482 1395 2524 sus
1427 2463 1551 2525 rollone

467 2568 585 2631 sessori
612 2567 803 2631 debuerunt:
836 2567 889 2646 qui
916 2587 1010 2647 quum
1036 2567 1113 2631 item
1142 2567 1243 2631 Unum
1270 2585 1448 2646 supremum
1478 2586 1551 2649 esse

467 2670 689 2745 defenderent,
719 2670 864 2734 ridentur
890 2671 925 2735 ld
954 2671 1086 2734 muimc
1105 2671 1219 2751 egisse,
1249 2679 1283 2733 ut
1304 2669 1348 2743 so,
1365 2688 1404 2732 eo
1427 2687 1549 2731 omnem

467 2777 693 2857 proprietslnm
715 2777 893 2837 vsrieutcm
915 2783 950 2838 et
971 2773 1200 2838 multitudinem
1222 2783 1427 2846 removerent,
1450 2773 1550 2850 qualis

467 2881 594 2943 cederet
615 2880 647 2941 lu
670 2897 720 2942 res
742 2879 799 2941 sub
822 2880 981 2943 ocndorum
1006 2885 1205 2956 conspectum
1226 2878 1390 2939 ssubicclns.
1430 2872 1550 2955 Quodsi

467 2994 571 3046 sutem
592 2984 736 3044 immons
758 2983 838 3056 illes,
861 3002 937 3061 quss
959 2985 1147 3080 stridebunt,
1169 2981 1256 3041 idcos
1278 2979 1487 3059 sitingelsout,
1510 2999 1551 3042 ue

466 3087 518 3149 islo
540 3086 664 3165 quidem
686 3085 774 3148 locus
796 3074 887 3147 silom
899 3085 1071 3164 proebelsst
1089 3082 1262 3145 disserendi
1274 3082 1549 3161 opportunitatem,

467 3207 557 3268 quem
587 3195 623 3247 ιιι
650 3187 884 3261 ostenderetur,
917 3205 997 3265 quoe
1019 3186 1060 3247 de
1086 3186 1182 3249 rebus
1210 3187 1482 3266 prscdicercntur,
1513 3205 1550 3247 ee

466 3307 529 3351 nou
559 3307 653 3367 posse
688 3289 728 3351 sd
761 3285 877 3361 οὐσίας
914 3286 1095 3363 ιιιιιιιιιιτὶ,
1135 3308 1229 3367 quum
1264 3309 1464 3371 unoquseque
1497 3310 1550 3355 res

467 3410 525 3472 per
545 3412 581 3455 sc
607 3392 636 3452 ui
666 3399 700 3455 et
726 3400 836 3456 nolum
860 3409 917 3454 sus
951 3391 1150 3467 consisteret,
1186 3413 1244 3455 nec
1277 3393 1376 3458 ferret
1402 3396 1550 3475 multipli-

418 3490 420 3492 ’
467 3496 548 3557 cium
576 3496 801 3576 proprictstum
828 3495 984 3559 occesslou
1018 3541 1045 3579 .·
1100 3496 1262 3576 Negsbsnt
1288 3499 1370 3559 euim
1396 3499 1443 3561 illi
1465 3519 1549 3562 com-

466 3601 570 3661 muuio
597 3620 667 3662 csse
695 3619 800 3661 rerum
821 3619 952 3680 genero,
980 3513 1113 3676 ineque
1135 3601 1280 3664 volebant
1301 3602 1332 3662 in
1355 3602 1549 3665 demonstro-

465 3703 604 3764 tionibus
625 3721 693 3769 eum
717 3721 799 3776 rem,
822 3723 902 3782 quoe
928 3711 1000 3764 curte
1024 3705 1131 3764 oculos
1159 3712 1244 3766 esset
1275 3706 1396 3783 posito,
1419 3706 1550 3767 muirne

464 3795 601 3888 spectori
622 3800 717 3887 uque
737 3807 901 3885 explorari.
951 3809 997 3870 lie
1020 3828 1080 3887 qus
1101 3825 1136 3867 re
1158 3824 1252 3887 suprs
1274 3809 1428 3887 copiosius
1451 3810 1550 3887 expli·

467 3920 568 3973 cotun
590 3917 646 3974 est.
693 3909 811 3989 Quum
834 3909 929 3988 igitur
951 3930 1059 3973 eorum
1081 3911 1239 3975 dialectico
1266 3914 1395 3974 maxime
1417 3930 1455 3976 eo
1477 3931 1550 3992 per-

463 4013 599 4088 tineret,
633 4018 670 4077 nt
696 4011 749 4079 ιιι
777 4011 940 4091 eidemque
978 4015 1024 4076 rei
1051 4033 1113 4077 uon
1140 4033 1233 4094 posse
1262 4017 1421 4095 complure
1456 4016 1549 4078 simul

462 4114 594 4179 attribui
616 4117 798 4190 doceretur,
821 4134 857 4176 es
880 4137 941 4194 quo
964 4117 1112 4196 cursscqul
1133 4118 1288 4190 nolebant,
1317 4138 1420 4183 nerem
1443 4139 1550 4182 essen·

467 4220 541 4282 llum
571 4240 632 4281 uon
660 4219 693 4280 1ιι
719 4221 812 4282 rebus
839 4221 897 4281 snb
925 4241 1035 4283 seuleus
1063 4220 1244 4284 cudentibus
1271 4222 1391 4295 inesse;
1426 4223 1549 4285 Plutoni

465 4323 544 4387 iliud
567 4325 698 4384 maxime
719 4323 955 4402 improbandum
979 4326 1076 4385 visum
1097 4331 1156 4400 esi,
1180 4325 1233 4404 qui
1253 4335 1376 4388 mature
1397 4326 1456 4387 sibi
1476 4344 1549 4405 per-

465 4434 623 4499 susrerst,
657 4423 831 4487 disserendi
859 4427 1011 4490 notionem
1040 4429 1131 4491 eitius
1160 4429 1309 4507 quiddsm
1329 4436 1473 4510 spcctrre
1493 4429 1548 4492 de-

468 4527 562 4602 icre,
590 4546 680 4605 quam
711 4535 744 4587 ut
772 4528 804 4587 iu
833 4528 981 4589 rimandis
1012 4531 1103 4592 variis
1133 4540 1164 4592 et
1192 4533 1413 4612 multiplicibus
1442 4551 1545 4594 rerum

467 4629 721 4709 odspcclubilium
742 4631 985 4712 proprietalibus
1006 4631 1163 4705 neuneu
1183 4635 1292 4717 linque
1312 4638 1369 4700 ilie
1385 4637 1546 4701 socratem
