3775 5442
662 575 748 695 Liber
768 635 921 697 secundus.
964 554 1065 696 boetio
1081 631 1129 696 lli.
1371 636 1434 701 est

354 806 440 889 qnod
461 808 493 868 lo
508 806 597 869 libris
610 811 701 868 anter
717 807 892 887 divulgatis,
914 807 1060 884 Menone,
1083 808 1234 881 Phaedro,
1256 807 1434 885 Phaedone,

353 911 431 992 qnid
459 910 500 972 de
529 913 734 985 caecutiret,
763 911 935 973 accuratius
964 918 1048 972 esset
1067 912 1259 991 expositum,
1286 914 1321 969 ut
1342 930 1436 974 utnus-

353 1015 486 1094 qulsque
508 1013 677 1092 legentium
700 1015 784 1075 ultro
807 1013 880 1075 inde
901 1015 1049 1075 memoria
1070 1021 1215 1093 repetere
1236 1031 1330 1091 posse
1351 1013 1436 1075 udo

353 1123 453 1192 retur,
485 1134 563 1197 quae
586 1117 625 1177 ad
648 1117 876 1179 dissolvendam
897 1116 976 1180 bruc
996 1115 1190 1179 Parmenidis
1211 1114 1435 1179 dubitationem

354 1209 656 1283 et'crimlnrtioncm
679 1222 898 1283 conducerent.

440 1326 543 1403 Atque
568 1323 617 1385 blo
646 1325 690 1384 ita
717 1323 866 1403 expositis
894 1323 955 1383 iam
988 1321 1112 1383 tandem
1140 1321 1336 1401 perspicuum
1364 1320 1435 1383 iore

353 1428 557 1500 arbitramur,
580 1426 654 1504 quid
676 1427 718 1487 sit
739 1427 822 1506 quod
845 1425 976 1488 diximus
998 1431 1105 1500 antea,
1133 1423 1334 1500 omniafere,
1357 1442 1436 1506 qnae

351 1529 555 1592 Parmenides
590 1528 623 1589 ln
657 1528 763 1607 priore
797 1530 949 1591 ammonio
984 1535 1073 1608 parte
1107 1535 1214 1590 contra
1246 1526 1435 1591 Platouloam

352 1635 496 1696 idearum
524 1632 695 1694 doctrinam
722 1631 923 1706 disseruerit,
950 1648 1023 1694 esse
1043 1631 1213 1707 eiusmodi,
1241 1638 1277 1692 ut
1298 1631 1436 1712 dispute-

351 1736 444 1797 tione
471 1736 511 1794 de
538 1735 608 1796 Uno
629 1739 662 1794 et
683 1734 804 1796 Ceteris
830 1733 869 1793 ab
898 1733 1011 1794 eodem
1031 1733 1137 1796 habita
1157 1753 1267 1797 rursm
1287 1736 1437 1796 tollentur

349 1837 544 1919 penitusque
571 1837 737 1899 diluuntur.
803 1837 903 1915 Quum
936 1843 1039 1899 autem
1066 1833 1236 1900 remdmile
1262 1838 1328 1912 sit,
1361 1837 1438 1899 baec

350 1940 460 2002 omnia
487 1961 504 2001 a
533 1939 698 2020 Megaricis
727 1939 922 2018 potissimum
952 1941 1074 2004 Platoni
1102 1942 1224 2004 obiecta
1253 1959 1341 2019 ease,
1374 1959 1436 2005 non

350 2052 476 2104 temere
498 2043 638 2105 ridemur
664 2041 836 2119 sillrmere,
863 2050 1033 2106 externum.
1052 2046 1158 2126 operia
1185 2046 1279 2106 finem
1306 2045 1437 2106 maxime

352 2148 387 2208 in
410 2165 448 2207 eo
470 2166 542 2210 esse
563 2147 778 2227 conspicuum,
799 2152 835 2208 ut
855 2166 935 2228 quae
956 2148 995 2210 ab
1017 2148 1081 2211 lllls
1103 2154 1212 2210 contra
1232 2148 1373 2212 Plutonis
1395 2149 1437 2210 de

353 2251 434 2312 ideis
462 2250 645 2312 sententiam
674 2250 829 2329 disputata
850 2249 979 2312 inerunt
999 2269 1087 2314 more
1108 2253 1287 2329 dialectico,
1309 2272 1346 2314 er
1368 2251 1436 2333 pari

353 2353 528 2415 subtilitate
548 2353 733 2415 refellantur
752 2359 787 2413 ct
807 2359 1023 2436 corrguantur,
1045 2372 1107 2434 quo
1129 2357 1256 2418 tandem
1278 2362 1435 2438 appareat,

352 2456 415 2516 hh
435 2457 538 2518 omnia
559 2455 662 2536 potius
683 2455 716 2516 ln
728 2462 845 2518 'eorum
867 2459 980 2519 cadere
1000 2460 1168 2534 rationem,
1191 2459 1244 2538 qul
1264 2458 1352 2521 ideas
1373 2476 1436 2521 nen

353 2559 581 2621 intellexissent
607 2563 640 2618 et
666 2576 723 2637 per
751 2578 787 2621 se
812 2561 842 2621 ri
870 2580 926 2623 rua
953 2566 1097 2622 constare
1125 2568 1158 2624 et
1177 2562 1293 2624 reierri
1314 2564 1354 2625 ad
1375 2563 1436 2626 slis

353 2661 497 2740 adeoque
518 2660 675 2722 ciliciendl
697 2663 870 2743 agendique
890 2664 920 2724 vi
942 2664 1098 2744 praeditas
1120 2677 1200 2727 esne.
1234 2664 1337 2746 Atque
1358 2667 1437 2730 baec

355 2762 479 2825 slvere
500 2771 588 2839 sunt,
620 2767 714 2827 etiam
742 2766 813 2841 illa,
836 2784 917 2845 quae
937 2767 977 2827 ad
999 2772 1155 2829 externam
1177 2769 1282 2847 operia
1303 2769 1436 2837 formam

355 2887 395 2929 eo
419 2868 593 2932 disserendi
620 2867 773 2928 rationem
800 2866 833 2928 iu
862 2885 901 2928 eo
930 2877 1111 2948 regnantem
1139 2869 1314 2949 pertinent,
1336 2871 1436 2931 lucem

357 2988 447 3033 snam
479 2974 640 3033 maximam
673 2977 760 3032 certe
792 2976 914 3050 partem
947 2970 1193 3054 recuperrbunt,
1230 2971 1271 3033 de
1304 2991 1364 3053 quo
1401 2991 1438 3034 re

354 3079 467 3155 postea
487 3075 699 3155 explicabitur.

441 3176 553 3239 Restat
575 3185 609 3239 ut
631 3197 749 3254 eorum,
780 3192 859 3258 quae
881 3178 922 3239 dc
943 3176 1016 3239 libri
1037 3187 1218 3260 argumento
1246 3185 1279 3241 et
1305 3180 1436 3242 consilio

354 3280 588 3360 &putarimun
609 3283 706 3343 veluti
727 3301 847 3344 summe
867 3282 1009 3345 iaciendo
1029 3283 1080 3344 alt.
1124 3284 1211 3362 Qure
1233 3285 1357 3364 quidem
1375 3284 1437 3346 huc

354 3382 424 3445 fere
461 3385 568 3445 redire
605 3388 823 3449 existimamus.
889 3385 998 3447 Omnis
1031 3403 1136 3446 rerum
1164 3381 1262 3449 οὐσία
1288 3388 1321 3449 in
1356 3388 1436 3451 idel·
1518 3459 1520 3465 ‚

354 3486 439 3547 inest
460 3505 498 3547 ex
519 3488 619 3569 iisque
640 3492 765 3571 pendet.
829 3488 914 3550 Nihil
936 3487 1018 3548 enim
1040 3492 1145 3567 agunt,
1167 3489 1219 3567 qui
1242 3490 1329 3566 eius,
1352 3492 1436 3572 quod

355 3606 426 3651 erse
456 3589 603 3668 dicimus,
647 3595 707 3654 vlm
737 3599 770 3652 et
796 3599 936 3652 naturam
965 3588 1076 3650 autin
1103 3608 1163 3650 una
1191 3591 1292 3672 aliqua
1326 3600 1437 3656 natura

355 3691 558 3774 intelligibili,
581 3697 665 3758 omui
686 3698 835 3757 varietate
855 3699 888 3754 ct
910 3691 1110 3754 multitudine
1132 3693 1298 3770 destituta,
1328 3702 1382 3757 aut
1403 3697 1436 3758 ln

355 3795 467 3877 rigidis
499 3799 682 3877 quibusdam
710 3800 794 3862 illiue
823 3795 951 3873 formis,
980 3814 1059 3876 quac
1086 3797 1169 3857 omni
1191 3805 1277 3859 motu
1300 3802 1333 3858 et
1354 3816 1437 3858 com-

356 3900 506 3961 munitate
545 3909 686 3978 careant,
737 3901 944 3982 quaerendam
988 3900 1195 3962 arbitrantur:
1238 3916 1295 3962 nec
1337 3899 1438 3966 minus

357 4024 465 4066 errare
486 4008 631 4068 censendi
652 4013 739 4078 sunt,
768 4007 821 4085 qui
849 4004 928 4072 iliud
949 4003 1001 4064 rel
1022 4003 1054 4064 in
1074 4004 1145 4064 rudi
1168 4010 1262 4083 atque
1280 4002 1438 4066 incondita

357 4128 523 4188 corporum
552 4109 697 4184 materie,
729 4109 777 4170 vel
805 4108 838 4169 in
865 4107 932 4168 eius
962 4108 1123 4168 elementia
1152 4111 1184 4167 et
1205 4106 1345 4185 partibus
1368 4127 1437 4169 cum

356 4213 524 4276 uuiverseli
552 4212 682 4291 quadam
713 4207 810 4290 οὐσίᾳ
839 4210 1010 4289 coniugatis
1036 4210 1140 4270 inesse
1167 4214 1315 4271 statuunt.
1360 4212 1438 4271 Nam

357 4321 548 4378 tatarorum
572 4315 755 4376 universitas
777 4330 838 4375 uno
861 4314 1035 4392 eodemque
1057 4311 1210 4373 essentiae
1224 4312 1345 4375 uinculo
1364 4329 1438 4375 eos-

357 4420 487 4494 tinetub,
510 4425 542 4479 et
563 4436 670 4480 ravera
692 4425 741 4478 est
763 4437 856 4480 unum
879 4425 912 4478 et
934 4417 1048 4492 multe;
1070 4437 1149 4497 quae
1170 4422 1273 4478 autem
1294 4416 1437 4477 sensibus

358 4525 585 4603 percipiuntur,
621 4543 657 4583 ea
685 4529 751 4584 tota
778 4521 915 4603 pendent
942 4521 1053 4595 exiis,
1085 4541 1164 4599 ortae
1191 4520 1383 4584 solamente
1405 4525 1438 4581 et

358 4627 545 4708 cogitatione
574 4627 646 4687 licet
674 4624 948 4706 comprehendere.
1013 4623 1165 4702 Quocirca
1198 4622 1369 4702 quicunque
1398 4624 1436 4683 ud
