<?xml version="1.0" encoding="UTF-8"?>
<!DOCTYPE html PUBLIC "-//W3C//DTD XHTML 1.0 Transitional//EN"
    "http://www.w3.org/TR/xhtml1/DTD/xhtml1-transitional.dtd">
<html xmlns="http://www.w3.org/1999/xhtml" xml:lang="en" lang="en">
 <head>
  <title>
</title>
<meta http-equiv="Content-Type" content="text/html;charset=utf-8" />
  <meta name='ocr-system' content='tesseract 3.04.00' />
  <meta name='ocr-capabilities' content='ocr_page ocr_carea ocr_par ocr_line ocrx_word'/>
</head>
<body>
  <div class='ocr_page' id='page_1' title='image "./parmenidescumqu00platgoog_0199.png"; bbox 0 0 3775 5442; ppageno 0'>
   <div class='ocr_carea' id='block_1_1' title="bbox 662 642 1424 737">
    <p class='ocr_par' dir='ltr' id='par_1_1' title="bbox 662 642 1424 737">
     <span class='ocr_line' id='line_1_1' title="bbox 662 642 1424 737; baseline 0.01 -19"><span class='ocrx_word' id='word_1_1' title='bbox 662 659 750 720; x_wconf 72' lang='lat' dir='ltr'><strong>liber</strong></span> <span class='ocrx_word' id='word_1_2' title='bbox 770 659 891 737; x_wconf 83' lang='lat' dir='ltr'><strong>primns.</strong></span> <span class='ocrx_word' id='word_1_3' title='bbox 934 658 1036 720; x_wconf 78' lang='lat' dir='ltr'><strong>Sectis</strong></span> <span class='ocrx_word' id='word_1_4' title='bbox 1057 652 1093 722; x_wconf 65' lang='lat' dir='ltr'><strong>Vss</strong></span> <span class='ocrx_word' id='word_1_5' title='bbox 1174 642 1185 658; x_wconf 65' lang='lat'><em>⁰</em></span> <span class='ocrx_word' id='word_1_6' title='bbox 1359 656 1424 728; x_wconf 67' lang='lat' dir='ltr'><strong>ld&#39;l</strong></span> 
     </span>
    </p>
   </div>
   <div class='ocr_carea' id='block_1_2' title="bbox 325 818 1497 4430">
    <p class='ocr_par' dir='ltr' id='par_1_2' title="bbox 328 818 1440 1016">
     <span class='ocr_line' id='line_1_2' title="bbox 330 818 1440 911; baseline 0.005 -19"><span class='ocrx_word' id='word_1_7' title='bbox 330 836 508 911; x_wconf 80' lang='lat' dir='ltr'><strong>ponuntur,</strong></span> <span class='ocrx_word' id='word_1_8' title='bbox 543 848 639 911; x_wconf 87' lang='lat' dir='ltr'><strong>quum</strong></span> <span class='ocrx_word' id='word_1_9' title='bbox 667 837 759 893; x_wconf 88' lang='lat' dir='ltr'><strong>antea</strong></span> <span class='ocrx_word' id='word_1_10' title='bbox 786 837 922 895; x_wconf 83' lang='lat' dir='ltr'><strong>sumtum</strong></span> <span class='ocrx_word' id='word_1_11' title='bbox 950 833 993 898; x_wconf 83' lang='lat' dir='ltr'><strong>sit</strong></span> <span class='ocrx_word' id='word_1_12' title='bbox 1013 845 1061 895; x_wconf 81' lang='lat' dir='ltr'><strong>ea‘</strong></span> <span class='ocrx_word' id='word_1_13' title='bbox 1076 834 1110 897; x_wconf 88' lang='lat' dir='ltr'><strong>in</strong></span> <span class='ocrx_word' id='word_1_14' title='bbox 1130 851 1166 898; x_wconf 87' lang='lat' dir='ltr'><strong>se</strong></span> <span class='ocrx_word' id='word_1_15' title='bbox 1187 831 1331 896; x_wconf 84' lang='lat' dir='ltr'><strong>absoluta</strong></span> <span class='ocrx_word' id='word_1_16' title='bbox 1350 818 1440 898; x_wconf 28' lang='lat' dir='ltr'><strong>esse*</strong></span> 
     </span>
     <span class='ocr_line' id='line_1_3' title="bbox 328 935 1061 1016; baseline 0.005 -20"><span class='ocrx_word' id='word_1_17' title='bbox 328 952 391 997; x_wconf 83' lang='lat' dir='ltr'><strong>nee</strong></span> <span class='ocrx_word' id='word_1_18' title='bbox 411 936 505 996; x_wconf 91' lang='lat' dir='ltr'><strong>ullam</strong></span> <span class='ocrx_word' id='word_1_19' title='bbox 527 935 637 997; x_wconf 74' lang='lat' dir='ltr'><strong>saltim</strong></span> <span class='ocrx_word' id='word_1_20' title='bbox 657 939 930 1016; x_wconf 88' lang='lat' dir='ltr'><strong>comparationem.</strong></span> <span class='ocrx_word' id='word_1_21' title='bbox 1058 947 1061 951; x_wconf 79' lang='grc'><em>’</em></span> 
     </span>
    </p>

    <p class='ocr_par' dir='ltr' id='par_1_3' title="bbox 328 1039 1422 1637">
     <span class='ocr_line' id='line_1_4' title="bbox 417 1039 1422 1129; baseline 0.004 -28"><span class='ocrx_word' id='word_1_22' title='bbox 417 1039 460 1129; x_wconf 67' lang='lat' dir='ltr'><strong>lit</strong></span> <span class='ocrx_word' id='word_1_23' title='bbox 480 1041 614 1119; x_wconf 88' lang='lat' dir='ltr'><strong>primum</strong></span> <span class='ocrx_word' id='word_1_24' title='bbox 636 1042 762 1121; x_wconf 87' lang='lat' dir='ltr'><strong>quidem</strong></span> <span class='ocrx_word' id='word_1_25' title='bbox 785 1060 878 1102; x_wconf 89' lang='lat' dir='ltr'><strong>unum</strong></span> <span class='ocrx_word' id='word_1_26' title='bbox 900 1040 1026 1104; x_wconf 88' lang='lat' dir='ltr'><strong>sibimet</strong></span> <span class='ocrx_word' id='word_1_27' title='bbox 1046 1040 1107 1121; x_wconf 89' lang='lat' dir='ltr'><strong>ipsi</strong></span> <span class='ocrx_word' id='word_1_28' title='bbox 1120 1058 1191 1103; x_wconf 87' lang='lat' dir='ltr'><strong>esse</strong></span> <span class='ocrx_word' id='word_1_29' title='bbox 1207 1041 1422 1120; x_wconf 81' lang='lat' dir='ltr'><strong>inaequaleex</strong></span> 
     </span>
     <span class='ocr_line' id='line_1_5' title="bbox 329 1143 1420 1225; baseline 0.005 -21"><span class='ocrx_word' id='word_1_30' title='bbox 329 1161 370 1204; x_wconf 87' lang='lat' dir='ltr'><strong>eo</strong></span> <span class='ocrx_word' id='word_1_31' title='bbox 394 1143 641 1219; x_wconf 88' lang='lat' dir='ltr'><strong>demonstratur,</strong></span> <span class='ocrx_word' id='word_1_32' title='bbox 670 1145 755 1225; x_wconf 89' lang='lat' dir='ltr'><strong>quod</strong></span> <span class='ocrx_word' id='word_1_33' title='bbox 777 1146 857 1206; x_wconf 89' lang='lat' dir='ltr'><strong>allae</strong></span> <span class='ocrx_word' id='word_1_34' title='bbox 877 1143 944 1207; x_wconf 90' lang='lat' dir='ltr'><strong>elus</strong></span> <span class='ocrx_word' id='word_1_35' title='bbox 966 1150 1072 1225; x_wconf 89' lang='lat' dir='ltr'><strong>paries</strong></span> <span class='ocrx_word' id='word_1_36' title='bbox 1094 1143 1164 1204; x_wconf 89' lang='lat' dir='ltr'><strong>allis</strong></span> <span class='ocrx_word' id='word_1_37' title='bbox 1185 1145 1248 1205; x_wconf 85' lang='lat' dir='ltr'><strong>sint</strong></span> <span class='ocrx_word' id='word_1_38' title='bbox 1267 1146 1420 1209; x_wconf 76' lang='lat' dir='ltr'><strong>inclusae:</strong></span> 
     </span>
     <span class='ocr_line' id='line_1_6' title="bbox 329 1246 1422 1328; baseline 0.004 -21"><span class='ocrx_word' id='word_1_39' title='bbox 329 1247 372 1308; x_wconf 91' lang='lat' dir='ltr'><strong>de</strong></span> <span class='ocrx_word' id='word_1_40' title='bbox 401 1265 462 1326; x_wconf 95' lang='lat' dir='ltr'><strong>quo</strong></span> <span class='ocrx_word' id='word_1_41' title='bbox 491 1254 580 1309; x_wconf 88' lang='lat' dir='ltr'><strong>antea</strong></span> <span class='ocrx_word' id='word_1_42' title='bbox 610 1253 660 1311; x_wconf 87' lang='lat' dir='ltr'><strong>est</strong></span> <span class='ocrx_word' id='word_1_43' title='bbox 687 1249 886 1327; x_wconf 87' lang='lat' dir='ltr'><strong>disputatum.</strong></span> <span class='ocrx_word' id='word_1_44' title='bbox 940 1251 1099 1328; x_wconf 73' lang='lat' dir='ltr'><strong>Quatenus</strong></span> <span class='ocrx_word' id='word_1_45' title='bbox 1121 1246 1203 1308; x_wconf 91' lang='lat' dir='ltr'><strong>enim</strong></span> <span class='ocrx_word' id='word_1_46' title='bbox 1224 1266 1318 1311; x_wconf 88' lang='lat' dir='ltr'><strong>unum</strong></span> <span class='ocrx_word' id='word_1_47' title='bbox 1340 1251 1422 1312; x_wconf 88' lang='lat' dir='ltr'><strong>rela-</strong></span> 
     </span>
     <span class='ocr_line' id='line_1_7' title="bbox 328 1349 1420 1432; baseline 0.007 -22"><span class='ocrx_word' id='word_1_48' title='bbox 328 1349 426 1412; x_wconf 86' lang='lat' dir='ltr'><strong>tionis</strong></span> <span class='ocrx_word' id='word_1_49' title='bbox 448 1352 640 1431; x_wconf 79' lang='lat' dir='ltr'><strong>proprietate</strong></span> <span class='ocrx_word' id='word_1_50' title='bbox 661 1351 848 1413; x_wconf 88' lang='lat' dir='ltr'><strong>instructum</strong></span> <span class='ocrx_word' id='word_1_51' title='bbox 870 1369 941 1413; x_wconf 87' lang='lat' dir='ltr'><strong>esse</strong></span> <span class='ocrx_word' id='word_1_52' title='bbox 963 1352 1135 1432; x_wconf 76' lang='lat' dir='ltr'><strong>cogitatur,</strong></span> <span class='ocrx_word' id='word_1_53' title='bbox 1158 1351 1237 1414; x_wconf 88' lang='lat' dir='ltr'><strong>aliae</strong></span> <span class='ocrx_word' id='word_1_54' title='bbox 1250 1352 1340 1415; x_wconf 88' lang='lat' dir='ltr'><strong>ideae</strong></span> <span class='ocrx_word' id='word_1_55' title='bbox 1350 1354 1420 1419; x_wconf 84' lang='lat' dir='ltr'><strong>allia</strong></span> 
     </span>
     <span class='ocr_line' id='line_1_8' title="bbox 328 1453 1420 1538; baseline 0.007 -24"><span class='ocrx_word' id='word_1_56' title='bbox 328 1453 485 1515; x_wconf 85' lang='lat' dir='ltr'><strong>contineri</strong></span> <span class='ocrx_word' id='word_1_57' title='bbox 506 1455 692 1516; x_wconf 76' lang='lat' dir='ltr'><strong>statuendae</strong></span> <span class='ocrx_word' id='word_1_58' title='bbox 713 1460 795 1516; x_wconf 87' lang='lat' dir='ltr'><strong>suut.</strong></span> <span class='ocrx_word' id='word_1_59' title='bbox 837 1455 885 1516; x_wconf 81' lang='lat' dir='ltr'><strong>Ex</strong></span> <span class='ocrx_word' id='word_1_60' title='bbox 907 1474 968 1534; x_wconf 93' lang='lat' dir='ltr'><strong>quo</strong></span> <span class='ocrx_word' id='word_1_61' title='bbox 983 1455 1063 1517; x_wconf 91' lang='lat' dir='ltr'><strong>illud</strong></span> <span class='ocrx_word' id='word_1_62' title='bbox 1076 1462 1177 1517; x_wconf 86' lang='lat' dir='ltr'><strong>semet</strong></span> <span class='ocrx_word' id='word_1_63' title='bbox 1190 1455 1259 1538; x_wconf 92' lang='lat' dir='ltr'><strong>ipso</strong></span> <span class='ocrx_word' id='word_1_64' title='bbox 1274 1462 1307 1520; x_wconf 88' lang='lat' dir='ltr'><strong>et</strong></span> <span class='ocrx_word' id='word_1_65' title='bbox 1321 1459 1420 1523; x_wconf 82' lang='lat' dir='ltr'><strong>meins</strong></span> 
     </span>
     <span class='ocr_line' id='line_1_9' title="bbox 329 1558 1011 1637; baseline -0.003 -18"><span class='ocrx_word' id='word_1_66' title='bbox 329 1563 365 1619; x_wconf 86' lang='lat' dir='ltr'><strong>et·</strong></span> <span class='ocrx_word' id='word_1_67' title='bbox 383 1559 486 1621; x_wconf 89' lang='lat' dir='ltr'><strong>minus</strong></span> <span class='ocrx_word' id='word_1_68' title='bbox 507 1575 579 1619; x_wconf 87' lang='lat' dir='ltr'><strong>esse</strong></span> <span class='ocrx_word' id='word_1_69' title='bbox 600 1561 712 1636; x_wconf 87' lang='lat' dir='ltr'><strong>sponte</strong></span> <span class='ocrx_word' id='word_1_70' title='bbox 734 1558 944 1637; x_wconf 72' lang='lat' dir='ltr'><strong>consequitur.</strong></span> <span class='ocrx_word' id='word_1_71' title='bbox 1009 1561 1011 1564; x_wconf 52' lang='lat'><em>⁴</em></span> 
     </span>
    </p>

    <p class='ocr_par' dir='ltr' id='par_1_4' title="bbox 326 1661 1497 3396">
     <span class='ocr_line' id='line_1_10' title="bbox 414 1661 1421 1728; baseline 0.006 -6"><span class='ocrx_word' id='word_1_72' title='bbox 414 1661 537 1724; x_wconf 84' lang='lat' dir='ltr'><strong>Deinde</strong></span> <span class='ocrx_word' id='word_1_73' title='bbox 560 1667 664 1722; x_wconf 89' lang='lat' dir='ltr'><strong>autem</strong></span> <span class='ocrx_word' id='word_1_74' title='bbox 685 1681 779 1723; x_wconf 83' lang='lat' dir='ltr'><strong>unarm</strong></span> <span class='ocrx_word' id='word_1_75' title='bbox 803 1662 917 1723; x_wconf 81' lang='lat' dir='ltr'><strong>ceteris</strong></span> <span class='ocrx_word' id='word_1_76' title='bbox 940 1680 1010 1724; x_wconf 85' lang='lat' dir='ltr'><strong>esse</strong></span> <span class='ocrx_word' id='word_1_77' title='bbox 1032 1667 1064 1724; x_wconf 83' lang='lat' dir='ltr'><strong>et</strong></span> <span class='ocrx_word' id='word_1_78' title='bbox 1081 1662 1179 1725; x_wconf 90' lang='lat' dir='ltr'><strong>maius</strong></span> <span class='ocrx_word' id='word_1_79' title='bbox 1201 1669 1234 1725; x_wconf 91' lang='lat' dir='ltr'><strong>et</strong></span> <span class='ocrx_word' id='word_1_80' title='bbox 1253 1665 1355 1727; x_wconf 86' lang='lat' dir='ltr'><strong>minus</strong></span> <span class='ocrx_word' id='word_1_81' title='bbox 1370 1684 1421 1728; x_wconf 88' lang='lat' dir='ltr'><strong>sr-</strong></span> 
     </span>
     <span class='ocr_line' id='line_1_11' title="bbox 329 1760 1419 1848; baseline 0.006 -23"><span class='ocrx_word' id='word_1_82' title='bbox 329 1765 447 1846; x_wconf 70' lang='lat' dir='ltr'><strong>galtur.</strong></span> <span class='ocrx_word' id='word_1_83' title='bbox 492 1765 583 1843; x_wconf 83' lang='lat' dir='ltr'><strong>Quod</strong></span> <span class='ocrx_word' id='word_1_84' title='bbox 606 1764 731 1844; x_wconf 89' lang='lat' dir='ltr'><strong>quidem</strong></span> <span class='ocrx_word' id='word_1_85' title='bbox 752 1765 797 1825; x_wconf 92' lang='lat' dir='ltr'><strong>ita</strong></span> <span class='ocrx_word' id='word_1_86' title='bbox 819 1764 972 1841; x_wconf 82' lang='lat' dir='ltr'><strong>efficitur,</strong></span> <span class='ocrx_word' id='word_1_87' title='bbox 995 1773 1029 1828; x_wconf 92' lang='lat' dir='ltr'><strong>ut</strong></span> <span class='ocrx_word' id='word_1_88' title='bbox 1045 1767 1128 1827; x_wconf 91' lang='lat' dir='ltr'><strong>inter</strong></span> <span class='ocrx_word' id='word_1_89' title='bbox 1148 1784 1242 1829; x_wconf 89' lang='lat' dir='ltr'><strong>unum</strong></span> <span class='ocrx_word' id='word_1_90' title='bbox 1262 1774 1356 1848; x_wconf 90' lang='lat' dir='ltr'><strong>atque</strong></span> <span class='ocrx_word' id='word_1_91' title='bbox 1376 1760 1419 1831; x_wconf 76' lang='grc' dir='ltr'><strong>τὰ</strong></span> 
     </span>
     <span class='ocr_line' id='line_1_12' title="bbox 330 1860 1420 1937; baseline 0.008 -9"><span class='ocrx_word' id='word_1_92' title='bbox 330 1860 418 1929; x_wconf 77' lang='grc' dir='ltr'><strong>ἄλλα</strong></span> <span class='ocrx_word' id='word_1_93' title='bbox 448 1872 585 1928; x_wconf 90' lang='lat' dir='ltr'><strong>mutuam</strong></span> <span class='ocrx_word' id='word_1_94' title='bbox 612 1868 810 1929; x_wconf 84' lang='lat' dir='ltr'><strong>intercedere</strong></span> <span class='ocrx_word' id='word_1_95' title='bbox 839 1869 1024 1930; x_wconf 86' lang='lat' dir='ltr'><strong>relationem</strong></span> <span class='ocrx_word' id='word_1_96' title='bbox 1052 1868 1213 1931; x_wconf 87' lang='lat' dir='ltr'><strong>recordari</strong></span> <span class='ocrx_word' id='word_1_97' title='bbox 1242 1871 1420 1937; x_wconf 85' lang='lat' dir='ltr'><strong>debeamus.</strong></span> 
     </span>
     <span class='ocr_line' id='line_1_13' title="bbox 329 1962 1421 2054; baseline 0.005 -22"><span class='ocrx_word' id='word_1_98' title='bbox 329 1969 496 2033; x_wconf 72' lang='lat' dir='ltr'><strong>Enimvero</strong></span> <span class='ocrx_word' id='word_1_99' title='bbox 510 1962 711 2050; x_wconf 80' lang='lat' dir='ltr'><strong>idea-perses</strong></span> <span class='ocrx_word' id='word_1_100' title='bbox 723 1972 951 2052; x_wconf 83' lang='lat' dir='ltr'><strong>adspectabiles</strong></span> <span class='ocrx_word' id='word_1_101' title='bbox 969 1971 1056 2052; x_wconf 90' lang='lat' dir='ltr'><strong>quasi</strong></span> <span class='ocrx_word' id='word_1_102' title='bbox 1070 1975 1119 2033; x_wconf 87' lang='lat' dir='ltr'><strong>est</strong></span> <span class='ocrx_word' id='word_1_103' title='bbox 1129 1971 1252 2049; x_wconf 84' lang='lat' dir='ltr'><strong>dlliusa,</strong></span> <span class='ocrx_word' id='word_1_104' title='bbox 1276 1973 1421 2054; x_wconf 87' lang='lat' dir='ltr'><strong>quonlam</strong></span> 
     </span>
     <span class='ocr_line' id='line_1_14' title="bbox 329 2074 1420 2156; baseline 0.005 -20"><span class='ocrx_word' id='word_1_105' title='bbox 329 2074 396 2153; x_wconf 43' lang='lat' dir='ltr'><strong>liae,</strong></span> <span class='ocrx_word' id='word_1_106' title='bbox 415 2075 455 2137; x_wconf 88' lang='lat' dir='ltr'><strong>ad</strong></span> <span class='ocrx_word' id='word_1_107' title='bbox 478 2075 545 2136; x_wconf 91' lang='lat' dir='ltr'><strong>eius</strong></span> <span class='ocrx_word' id='word_1_108' title='bbox 567 2075 803 2137; x_wconf 88' lang='lat' dir='ltr'><strong>similitudinem</strong></span> <span class='ocrx_word' id='word_1_109' title='bbox 825 2082 898 2138; x_wconf 91' lang='lat' dir='ltr'><strong>sunt</strong></span> <span class='ocrx_word' id='word_1_110' title='bbox 919 2081 1129 2156; x_wconf 80' lang='lat' dir='ltr'><strong>comparatae:</strong></span> <span class='ocrx_word' id='word_1_111' title='bbox 1165 2077 1249 2139; x_wconf 85' lang='lat' dir='ltr'><strong>unde</strong></span> <span class='ocrx_word' id='word_1_112' title='bbox 1269 2096 1365 2140; x_wconf 86' lang='lat' dir='ltr'><strong>unam</strong></span> <span class='ocrx_word' id='word_1_113' title='bbox 1385 2077 1420 2142; x_wconf 83' lang='lat' dir='ltr'><strong>in</strong></span> 
     </span>
     <span class='ocr_line' id='line_1_15' title="bbox 329 2178 1419 2245; baseline 0.003 -3"><span class='ocrx_word' id='word_1_114' title='bbox 329 2179 443 2242; x_wconf 83' lang='lat' dir='ltr'><strong>ceteris</strong></span> <span class='ocrx_word' id='word_1_115' title='bbox 470 2178 575 2241; x_wconf 85' lang='lat' dir='ltr'><strong>inesse</strong></span> <span class='ocrx_word' id='word_1_116' title='bbox 602 2180 760 2242; x_wconf 70' lang='lat' dir='ltr'><strong>statuitur.</strong></span> <span class='ocrx_word' id='word_1_117' title='bbox 808 2178 954 2244; x_wconf 84' lang='lat' dir='ltr'><strong>Vicissim</strong></span> <span class='ocrx_word' id='word_1_118' title='bbox 982 2186 1085 2242; x_wconf 90' lang='lat' dir='ltr'><strong>autem</strong></span> <span class='ocrx_word' id='word_1_119' title='bbox 1112 2199 1165 2243; x_wconf 86' lang='lat' dir='ltr'><strong>res</strong></span> <span class='ocrx_word' id='word_1_120' title='bbox 1191 2180 1224 2242; x_wconf 91' lang='lat' dir='ltr'><strong>ln</strong></span> <span class='ocrx_word' id='word_1_121' title='bbox 1252 2181 1323 2243; x_wconf 88' lang='lat' dir='ltr'><strong>idea</strong></span> <span class='ocrx_word' id='word_1_122' title='bbox 1345 2199 1419 2245; x_wconf 80' lang='lat' dir='ltr'><strong>cor·</strong></span> 
     </span>
     <span class='ocr_line' id='line_1_16' title="bbox 327 2281 1418 2365; baseline 0.005 -21"><span class='ocrx_word' id='word_1_123' title='bbox 327 2283 485 2359; x_wconf 85' lang='lat' dir='ltr'><strong>tiaeatur,</strong></span> <span class='ocrx_word' id='word_1_124' title='bbox 508 2281 580 2361; x_wconf 87' lang='lat' dir='ltr'><strong>quia</strong></span> <span class='ocrx_word' id='word_1_125' title='bbox 593 2281 751 2344; x_wconf 81' lang='lat' dir='ltr'><strong>individua</strong></span> <span class='ocrx_word' id='word_1_126' title='bbox 762 2283 820 2345; x_wconf 85' lang='lat' dir='ltr'><strong>sub</strong></span> <span class='ocrx_word' id='word_1_127' title='bbox 841 2284 908 2345; x_wconf 91' lang='lat' dir='ltr'><strong>elus</strong></span> <span class='ocrx_word' id='word_1_128' title='bbox 929 2285 992 2344; x_wconf 82' lang='lat' dir='ltr'><strong>sim</strong></span> <span class='ocrx_word' id='word_1_129' title='bbox 1012 2285 1153 2345; x_wconf 86' lang='lat' dir='ltr'><strong>subiecta</strong></span> <span class='ocrx_word' id='word_1_130' title='bbox 1168 2288 1249 2348; x_wconf 86' lang='lat' dir='ltr'><strong>snut.</strong></span> <span class='ocrx_word' id='word_1_131' title='bbox 1293 2284 1418 2365; x_wconf 83' lang='lat' dir='ltr'><strong>Exque</strong></span> 
     </span>
     <span class='ocr_line' id='line_1_17' title="bbox 328 2378 1418 2467; baseline 0.006 -22"><span class='ocrx_word' id='word_1_132' title='bbox 328 2383 463 2464; x_wconf 71' lang='lat' dir='ltr'><strong>intelligi</strong></span> <span class='ocrx_word' id='word_1_133' title='bbox 493 2385 603 2460; x_wconf 89' lang='lat' dir='ltr'><strong>debet,</strong></span> <span class='ocrx_word' id='word_1_134' title='bbox 638 2383 711 2464; x_wconf 83' lang='lat' dir='ltr'><strong>quial</strong></span> <span class='ocrx_word' id='word_1_135' title='bbox 734 2386 806 2462; x_wconf 77' lang='lat' dir='ltr'><strong>sit,</strong></span> <span class='ocrx_word' id='word_1_136' title='bbox 823 2386 906 2467; x_wconf 88' lang='lat' dir='ltr'><strong>quod</strong></span> <span class='ocrx_word' id='word_1_137' title='bbox 929 2386 1006 2447; x_wconf 86' lang='lat' dir='ltr'><strong>dicit</strong></span> <span class='ocrx_word' id='word_1_138' title='bbox 1026 2386 1251 2462; x_wconf 64' lang='lat' dir='ltr'><strong>Parmenides,</strong></span> <span class='ocrx_word' id='word_1_139' title='bbox 1273 2378 1360 2449; x_wconf 80' lang='grc' dir='ltr'><em>αὐτὰ</em></span> <span class='ocrx_word' id='word_1_140' title='bbox 1383 2390 1418 2451; x_wconf 76' lang='grc' dir='ltr'><strong>ἐν</strong></span> 
     </span>
     <span class='ocr_line' id='line_1_18' title="bbox 329 2479 1497 2572; baseline 0.005 -25"><span class='ocrx_word' id='word_1_141' title='bbox 329 2479 489 2564; x_wconf 74' lang='grc' dir='ltr'><strong>ἀλλήλοις</strong></span> <span class='ocrx_word' id='word_1_142' title='bbox 511 2481 610 2560; x_wconf 79' lang='grc' dir='ltr'><strong><em>εἶναι,</em></strong></span> <span class='ocrx_word' id='word_1_143' title='bbox 632 2482 677 2549; x_wconf 78' lang='grc' dir='ltr'><strong>τά</strong></span> <span class='ocrx_word' id='word_1_144' title='bbox 696 2509 733 2552; x_wconf 79' lang='grc' dir='ltr'><strong>τε</strong></span> <span class='ocrx_word' id='word_1_145' title='bbox 755 2480 843 2550; x_wconf 74' lang='grc' dir='ltr'><strong>ἄλλα</strong></span> <span class='ocrx_word' id='word_1_146' title='bbox 864 2491 969 2572; x_wconf 80' lang='grc' dir='ltr'><strong>ἐντῷ</strong></span> <span class='ocrx_word' id='word_1_147' title='bbox 991 2489 1057 2565; x_wconf 76' lang='grc' dir='ltr'><em>ἑνί,</em></span> <span class='ocrx_word' id='word_1_148' title='bbox 1090 2488 1147 2551; x_wconf 85' lang='grc' dir='ltr'><strong>καὶ</strong></span> <span class='ocrx_word' id='word_1_149' title='bbox 1168 2480 1208 2550; x_wconf 84' lang='grc' dir='ltr'><strong>τὸ</strong></span> <span class='ocrx_word' id='word_1_150' title='bbox 1231 2487 1267 2551; x_wconf 72' lang='grc' dir='ltr'><strong>ἓν</strong></span> <span class='ocrx_word' id='word_1_151' title='bbox 1288 2491 1323 2552; x_wconf 81' lang='grc' dir='ltr'><strong>ἐν</strong></span> <span class='ocrx_word' id='word_1_152' title='bbox 1344 2496 1418 2566; x_wconf 76' lang='grc' dir='ltr'><strong><em>τοῖς</em></strong></span> <span class='ocrx_word' id='word_1_153' title='bbox 1494 2559 1497 2569; x_wconf 53' lang='grc'>,</span> 
     </span>
     <span class='ocr_line' id='line_1_19' title="bbox 329 2574 1418 2672; baseline 0.005 -22"><span class='ocrx_word' id='word_1_154' title='bbox 329 2581 454 2663; x_wconf 80' lang='grc' dir='ltr'><strong><em>ἄλλοις.</em></strong></span> <span class='ocrx_word' id='word_1_155' title='bbox 495 2589 650 2652; x_wconf 80' lang='lat' dir='ltr'><strong>Nimirum</strong></span> <span class='ocrx_word' id='word_1_156' title='bbox 672 2610 767 2670; x_wconf 91' lang='lat' dir='ltr'><strong>quum</strong></span> <span class='ocrx_word' id='word_1_157' title='bbox 789 2583 829 2653; x_wconf 86' lang='grc' dir='ltr'><strong>τὸ</strong></span> <span class='ocrx_word' id='word_1_158' title='bbox 852 2574 937 2654; x_wconf 73' lang='lat' dir='ltr'><strong>sicae</strong></span> <span class='ocrx_word' id='word_1_159' title='bbox 957 2591 1069 2653; x_wconf 88' lang='lat' dir='ltr'><strong>unitati</strong></span> <span class='ocrx_word' id='word_1_160' title='bbox 1090 2590 1214 2672; x_wconf 88' lang='lat' dir='ltr'><strong>pariter</strong></span> <span class='ocrx_word' id='word_1_161' title='bbox 1231 2596 1324 2671; x_wconf 80' lang='lat' dir='ltr'><strong>atque</strong></span> <span class='ocrx_word' id='word_1_162' title='bbox 1345 2598 1418 2668; x_wconf 76' lang='grc' dir='ltr'><strong>τοῖς</strong></span> 
     </span>
     <span class='ocr_line' id='line_1_20' title="bbox 329 2683 1419 2775; baseline 0.005 -23"><span class='ocrx_word' id='word_1_163' title='bbox 329 2683 447 2766; x_wconf 79' lang='grc' dir='ltr'><strong><em>ἄλλοις</em></strong></span> <span class='ocrx_word' id='word_1_164' title='bbox 476 2691 586 2754; x_wconf 76' lang='lat' dir='ltr'><strong>afferat</strong></span> <span class='ocrx_word' id='word_1_165' title='bbox 613 2695 775 2756; x_wconf 90' lang='lat' dir='ltr'><strong>relationis</strong></span> <span class='ocrx_word' id='word_1_166' title='bbox 804 2699 945 2756; x_wconf 86' lang='lat' dir='ltr'><strong>nataaram</strong></span> <span class='ocrx_word' id='word_1_167' title='bbox 973 2694 1113 2775; x_wconf 83' lang='lat' dir='ltr'><strong>nihilque</strong></span> <span class='ocrx_word' id='word_1_168' title='bbox 1140 2713 1270 2773; x_wconf 88' lang='lat' dir='ltr'><strong>usquam</strong></span> <span class='ocrx_word' id='word_1_169' title='bbox 1291 2700 1419 2774; x_wconf 83' lang='lat' dir='ltr'><strong>praeter</strong></span> 
     </span>
     <span class='ocr_line' id='line_1_21' title="bbox 328 2793 1419 2877; baseline 0.004 -23"><span class='ocrx_word' id='word_1_170' title='bbox 328 2793 480 2855; x_wconf 82' lang='lat' dir='ltr'><strong>mundam</strong></span> <span class='ocrx_word' id='word_1_171' title='bbox 508 2797 707 2877; x_wconf 76' lang='lat' dir='ltr'><strong>cogitabilem</strong></span> <span class='ocrx_word' id='word_1_172' title='bbox 730 2803 763 2859; x_wconf 85' lang='lat' dir='ltr'><strong>et</strong></span> <span class='ocrx_word' id='word_1_173' title='bbox 784 2797 1028 2877; x_wconf 83' lang='lat' dir='ltr'><strong>adspectabllem</strong></span> <span class='ocrx_word' id='word_1_174' title='bbox 1049 2797 1243 2876; x_wconf 85' lang='lat' dir='ltr'><strong>reperiatur,</strong></span> <span class='ocrx_word' id='word_1_175' title='bbox 1271 2798 1419 2877; x_wconf 82' lang='lat' dir='ltr'><strong>probabi-</strong></span> 
     </span>
     <span class='ocr_line' id='line_1_22' title="bbox 329 2896 1419 2981; baseline 0.002 -23"><span class='ocrx_word' id='word_1_176' title='bbox 329 2896 409 2958; x_wconf 82' lang='lat' dir='ltr'><strong>liter</strong></span> <span class='ocrx_word' id='word_1_177' title='bbox 437 2914 510 2958; x_wconf 86' lang='lat' dir='ltr'><strong>saae</strong></span> <span class='ocrx_word' id='word_1_178' title='bbox 535 2901 709 2981; x_wconf 77' lang='lat' dir='ltr'><strong>colligitur,</strong></span> <span class='ocrx_word' id='word_1_179' title='bbox 744 2903 828 2962; x_wconf 88' lang='lat' dir='ltr'><strong>iuter</strong></span> <span class='ocrx_word' id='word_1_180' title='bbox 856 2906 990 2979; x_wconf 89' lang='lat' dir='ltr'><strong>utraque</strong></span> <span class='ocrx_word' id='word_1_181' title='bbox 1018 2904 1155 2959; x_wconf 90' lang='lat' dir='ltr'><strong>mutuam</strong></span> <span class='ocrx_word' id='word_1_182' title='bbox 1176 2899 1279 2958; x_wconf 88' lang='lat' dir='ltr'><strong>locum</strong></span> <span class='ocrx_word' id='word_1_183' title='bbox 1300 2899 1419 2960; x_wconf 72' lang='lat' dir='ltr'><strong>laabme</strong></span> 
     </span>
     <span class='ocr_line' id='line_1_23' title="bbox 330 2990 1419 3081; baseline 0 -20"><span class='ocrx_word' id='word_1_184' title='bbox 330 2990 530 3076; x_wconf 69' lang='lat' dir='ltr'><strong>relationem,</strong></span> <span class='ocrx_word' id='word_1_185' title='bbox 555 3006 600 3066; x_wconf 85' lang='lat' dir='ltr'><strong>ita</strong></span> <span class='ocrx_word' id='word_1_186' title='bbox 620 3010 729 3067; x_wconf 90' lang='lat' dir='ltr'><strong>utres</strong></span> <span class='ocrx_word' id='word_1_187' title='bbox 750 3006 782 3065; x_wconf 90' lang='lat' dir='ltr'><strong>iu</strong></span> <span class='ocrx_word' id='word_1_188' title='bbox 804 3004 901 3081; x_wconf 88' lang='lat' dir='ltr'><strong>ideis,</strong></span> <span class='ocrx_word' id='word_1_189' title='bbox 933 3004 1024 3066; x_wconf 90' lang='lat' dir='ltr'><strong>ideae</strong></span> <span class='ocrx_word' id='word_1_190' title='bbox 1044 3004 1077 3063; x_wconf 86' lang='lat' dir='ltr'><strong>in</strong></span> <span class='ocrx_word' id='word_1_191' title='bbox 1097 2999 1318 3063; x_wconf 80' lang='lat' dir='ltr'><strong>rebus-inesse</strong></span> <span class='ocrx_word' id='word_1_192' title='bbox 1339 3000 1419 3061; x_wconf 88' lang='lat' dir='ltr'><strong>ludl-</strong></span> 
     </span>
     <span class='ocr_line' id='line_1_24' title="bbox 327 3103 1419 3188; baseline 0.005 -25"><span class='ocrx_word' id='word_1_193' title='bbox 327 3103 448 3165; x_wconf 86' lang='lat' dir='ltr'><strong>eandae</strong></span> <span class='ocrx_word' id='word_1_194' title='bbox 468 3104 530 3167; x_wconf 93' lang='lat' dir='ltr'><strong>sint</strong></span> <span class='ocrx_word' id='word_1_195' title='bbox 542 3105 586 3185; x_wconf 79' lang='lat'><strong>*).</strong></span> <span class='ocrx_word' id='word_1_196' title='bbox 631 3109 722 3187; x_wconf 81' lang='lat' dir='ltr'><strong>Quod</strong></span> <span class='ocrx_word' id='word_1_197' title='bbox 735 3109 763 3170; x_wconf 91' lang='lat' dir='ltr'><strong>si</strong></span> <span class='ocrx_word' id='word_1_198' title='bbox 775 3127 882 3169; x_wconf 83' lang='lat' dir='ltr'><strong>rerum</strong></span> <span class='ocrx_word' id='word_1_199' title='bbox 898 3113 964 3185; x_wconf 91' lang='lat' dir='ltr'><strong>est,</strong></span> <span class='ocrx_word' id='word_1_200' title='bbox 987 3126 1048 3188; x_wconf 90' lang='lat' dir='ltr'><strong>qua</strong></span> <span class='ocrx_word' id='word_1_201' title='bbox 1058 3104 1182 3168; x_wconf 89' lang='lat' dir='ltr'><strong>ratione</strong></span> <span class='ocrx_word' id='word_1_202' title='bbox 1197 3118 1293 3165; x_wconf 88' lang='lat' dir='ltr'><strong>unum</strong></span> <span class='ocrx_word' id='word_1_203' title='bbox 1305 3103 1419 3168; x_wconf 78' lang='lat' dir='ltr'><strong>ceteris</strong></span> 
     </span>
     <span class='ocr_line' id='line_1_25' title="bbox 326 3207 1417 3293; baseline 0.002 -25"><span class='ocrx_word' id='word_1_204' title='bbox 326 3207 428 3270; x_wconf 89' lang='lat' dir='ltr'><strong>mains</strong></span> <span class='ocrx_word' id='word_1_205' title='bbox 455 3215 549 3289; x_wconf 90' lang='lat' dir='ltr'><strong>atque</strong></span> <span class='ocrx_word' id='word_1_206' title='bbox 576 3209 676 3273; x_wconf 90' lang='lat' dir='ltr'><strong>minus</strong></span> <span class='ocrx_word' id='word_1_207' title='bbox 704 3211 840 3293; x_wconf 90' lang='lat' dir='ltr'><strong>ideoque</strong></span> <span class='ocrx_word' id='word_1_208' title='bbox 867 3212 981 3275; x_wconf 89' lang='lat' dir='ltr'><strong>lisdem</strong></span> <span class='ocrx_word' id='word_1_209' title='bbox 1011 3209 1174 3290; x_wconf 83' lang='lat' dir='ltr'><strong>inaequale</strong></span> <span class='ocrx_word' id='word_1_210' title='bbox 1194 3225 1273 3273; x_wconf 85' lang='lat' dir='ltr'><strong>esse·</strong></span> <span class='ocrx_word' id='word_1_211' title='bbox 1286 3208 1417 3283; x_wconf 80' lang='lat' dir='ltr'><strong>dicatur,</strong></span> 
     </span>
     <span class='ocr_line' id='line_1_26' title="bbox 327 3313 1124 3396; baseline 0.006 -24"><span class='ocrx_word' id='word_1_212' title='bbox 327 3328 420 3375; x_wconf 86' lang='lat' dir='ltr'><strong>nemo</strong></span> <span class='ocrx_word' id='word_1_213' title='bbox 443 3313 504 3374; x_wconf 87' lang='lat' dir='ltr'><strong>erit</strong></span> <span class='ocrx_word' id='word_1_214' title='bbox 526 3315 599 3392; x_wconf 88' lang='lat' dir='ltr'><strong>quin</strong></span> <span class='ocrx_word' id='word_1_215' title='bbox 620 3315 688 3394; x_wconf 87' lang='lat' dir='ltr'><strong>ipae</strong></span> <span class='ocrx_word' id='word_1_216' title='bbox 708 3316 801 3379; x_wconf 85' lang='lat' dir='ltr'><strong>facile</strong></span> <span class='ocrx_word' id='word_1_217' title='bbox 823 3316 994 3379; x_wconf 88' lang='lat' dir='ltr'><strong>diiudicare</strong></span> <span class='ocrx_word' id='word_1_218' title='bbox 1014 3317 1124 3396; x_wconf 87' lang='lat' dir='ltr'><strong>possit.</strong></span> 
     </span>
    </p>

    <p class='ocr_par' dir='ltr' id='par_1_5' title="bbox 325 3416 1470 4430">
     <span class='ocr_line' id='line_1_27' title="bbox 404 3416 1417 3500; baseline 0.004 -22"><span class='ocrx_word' id='word_1_219' title='bbox 404 3416 517 3497; x_wconf 70' lang='lat' dir='ltr'><strong>litque</strong></span> <span class='ocrx_word' id='word_1_220' title='bbox 538 3417 616 3478; x_wconf 88' lang='lat' dir='ltr'><strong>haec</strong></span> <span class='ocrx_word' id='word_1_221' title='bbox 638 3420 762 3498; x_wconf 90' lang='lat' dir='ltr'><strong>quidem</strong></span> <span class='ocrx_word' id='word_1_222' title='bbox 785 3440 878 3500; x_wconf 90' lang='lat' dir='ltr'><strong>quum</strong></span> <span class='ocrx_word' id='word_1_223' title='bbox 900 3420 961 3480; x_wconf 88' lang='lat' dir='ltr'><strong>iam</strong></span> <span class='ocrx_word' id='word_1_224' title='bbox 973 3419 1047 3481; x_wconf 88' lang='lat' dir='ltr'><strong>satis</strong></span> <span class='ocrx_word' id='word_1_225' title='bbox 1063 3417 1227 3499; x_wconf 87' lang='lat' dir='ltr'><strong>perspicua</strong></span> <span class='ocrx_word' id='word_1_226' title='bbox 1241 3416 1417 3481; x_wconf 82' lang='lat' dir='ltr'><strong>reddidisse</strong></span> 
     </span>
     <span class='ocr_line' id='line_1_28' title="bbox 326 3519 1417 3604; baseline 0.004 -24"><span class='ocrx_word' id='word_1_227' title='bbox 326 3519 504 3596; x_wconf 73' lang='lat' dir='ltr'><strong>videamur,</strong></span> <span class='ocrx_word' id='word_1_228' title='bbox 527 3526 593 3582; x_wconf 92' lang='lat' dir='ltr'><strong>tum</strong></span> <span class='ocrx_word' id='word_1_229' title='bbox 614 3523 692 3584; x_wconf 87' lang='lat' dir='ltr'><strong>nihil</strong></span> <span class='ocrx_word' id='word_1_230' title='bbox 714 3543 844 3604; x_wconf 89' lang='lat' dir='ltr'><strong>prorsus</strong></span> <span class='ocrx_word' id='word_1_231' title='bbox 866 3522 1070 3585; x_wconf 87' lang='lat' dir='ltr'><strong>dubitationis</strong></span> <span class='ocrx_word' id='word_1_232' title='bbox 1083 3521 1216 3595; x_wconf 87' lang='lat' dir='ltr'><strong>habent,</strong></span> <span class='ocrx_word' id='word_1_233' title='bbox 1238 3521 1417 3600; x_wconf 87' lang='lat' dir='ltr'><strong>quaedein·</strong></span> 
     </span>
     <span class='ocr_line' id='line_1_29' title="bbox 327 3623 1417 3707; baseline 0.005 -24"><span class='ocrx_word' id='word_1_234' title='bbox 327 3642 402 3704; x_wconf 89' lang='lat' dir='ltr'><strong>eeps</strong></span> <span class='ocrx_word' id='word_1_235' title='bbox 424 3623 628 3703; x_wconf 88' lang='lat' dir='ltr'><strong>adiiciuntur,</strong></span> <span class='ocrx_word' id='word_1_236' title='bbox 657 3627 731 3689; x_wconf 92' lang='lat' dir='ltr'><strong>inde</strong></span> <span class='ocrx_word' id='word_1_237' title='bbox 759 3647 777 3688; x_wconf 92' lang='lat' dir='ltr'><strong>a</strong></span> <span class='ocrx_word' id='word_1_238' title='bbox 798 3646 828 3707; x_wconf 91' lang='lat' dir='ltr'><strong>p.</strong></span> <span class='ocrx_word' id='word_1_239' title='bbox 843 3626 916 3688; x_wconf 75' lang='lat'>151.</span> <span class='ocrx_word' id='word_1_240' title='bbox 930 3625 964 3688; x_wconf 83' lang='lat' dir='ltr'><strong>C.</strong></span> <span class='ocrx_word' id='word_1_241' title='bbox 1008 3625 1086 3686; x_wconf 88' lang='lat' dir='ltr'><strong>Nam</strong></span> <span class='ocrx_word' id='word_1_242' title='bbox 1108 3624 1148 3685; x_wconf 91' lang='lat' dir='ltr'><strong>de</strong></span> <span class='ocrx_word' id='word_1_243' title='bbox 1169 3623 1362 3702; x_wconf 77' lang='lat' dir='ltr'><strong>aequalitatis</strong></span> <span class='ocrx_word' id='word_1_244' title='bbox 1384 3630 1417 3688; x_wconf 89' lang='lat' dir='ltr'><strong>et</strong></span> 
     </span>
     <span class='ocr_line' id='line_1_30' title="bbox 327 3726 1417 3811; baseline 0.006 -25"><span class='ocrx_word' id='word_1_245' title='bbox 327 3726 557 3805; x_wconf 86' lang='lat' dir='ltr'><strong>inaequalitatis</strong></span> <span class='ocrx_word' id='word_1_246' title='bbox 579 3729 699 3791; x_wconf 88' lang='lat' dir='ltr'><strong>ratione</strong></span> <span class='ocrx_word' id='word_1_247' title='bbox 721 3750 799 3810; x_wconf 90' lang='lat' dir='ltr'><strong>quae</strong></span> <span class='ocrx_word' id='word_1_248' title='bbox 816 3730 973 3811; x_wconf 87' lang='lat' dir='ltr'><strong>disputata</strong></span> <span class='ocrx_word' id='word_1_249' title='bbox 988 3733 1077 3804; x_wconf 89' lang='lat' dir='ltr'><strong>sunt,</strong></span> <span class='ocrx_word' id='word_1_250' title='bbox 1101 3747 1138 3789; x_wconf 85' lang='lat' dir='ltr'><strong>ex</strong></span> <span class='ocrx_word' id='word_1_251' title='bbox 1149 3727 1187 3788; x_wconf 89' lang='lat' dir='ltr'><strong>lis</strong></span> <span class='ocrx_word' id='word_1_252' title='bbox 1202 3728 1299 3790; x_wconf 79' lang='lat' dir='ltr'><strong>veluti</strong></span> <span class='ocrx_word' id='word_1_253' title='bbox 1315 3748 1417 3810; x_wconf 90' lang='lat' dir='ltr'><strong>prono</strong></span> 
     </span>
     <span class='ocr_line' id='line_1_31' title="bbox 328 3830 1416 3915; baseline 0.002 -24"><span class='ocrx_word' id='word_1_254' title='bbox 328 3830 417 3892; x_wconf 79' lang='lat' dir='ltr'><strong>alveo</strong></span> <span class='ocrx_word' id='word_1_255' title='bbox 439 3830 525 3908; x_wconf 86' lang='lat' dir='ltr'><strong>fluit,</strong></span> <span class='ocrx_word' id='word_1_256' title='bbox 549 3833 633 3912; x_wconf 92' lang='lat' dir='ltr'><strong>qnod</strong></span> <span class='ocrx_word' id='word_1_257' title='bbox 654 3834 793 3895; x_wconf 83' lang='lat' dir='ltr'><strong>breviter</strong></span> <span class='ocrx_word' id='word_1_258' title='bbox 813 3835 966 3915; x_wconf 75' lang='lat' dir='ltr'><strong>significat</strong></span> <span class='ocrx_word' id='word_1_259' title='bbox 988 3831 1204 3906; x_wconf 85' lang='lat' dir='ltr'><strong>Parmenides,</strong></span> <span class='ocrx_word' id='word_1_260' title='bbox 1226 3831 1309 3892; x_wconf 89' lang='lat' dir='ltr'><strong>idem</strong></span> <span class='ocrx_word' id='word_1_261' title='bbox 1324 3850 1416 3911; x_wconf 90' lang='lat' dir='ltr'><strong>pror-</strong></span> 
     </span>
     <span class='ocr_line' id='line_1_32' title="bbox 327 3933 1417 4020; baseline -0.001 -23"><span class='ocrx_word' id='word_1_262' title='bbox 327 3951 382 3997; x_wconf 83' lang='lat' dir='ltr'><strong>sus</strong></span> <span class='ocrx_word' id='word_1_263' title='bbox 407 3933 540 3996; x_wconf 88' lang='lat' dir='ltr'><strong>iudicari</strong></span> <span class='ocrx_word' id='word_1_264' title='bbox 568 3943 715 4016; x_wconf 89' lang='lat' dir='ltr'><strong>oportere</strong></span> <span class='ocrx_word' id='word_1_265' title='bbox 742 3939 876 4018; x_wconf 91' lang='lat' dir='ltr'><strong>primum</strong></span> <span class='ocrx_word' id='word_1_266' title='bbox 899 3938 1025 4020; x_wconf 89' lang='lat' dir='ltr'><strong>quidem</strong></span> <span class='ocrx_word' id='word_1_267' title='bbox 1047 3938 1088 3999; x_wconf 90' lang='lat' dir='ltr'><strong>de</strong></span> <span class='ocrx_word' id='word_1_268' title='bbox 1108 3951 1267 4009; x_wconf 86' lang='lat' dir='ltr'><strong>mensura,</strong></span> <span class='ocrx_word' id='word_1_269' title='bbox 1302 3933 1417 3996; x_wconf 84' lang='lat' dir='ltr'><strong>deinde</strong></span> 
     </span>
     <span class='ocr_line' id='line_1_33' title="bbox 328 4037 1417 4118; baseline -0.001 -20"><span class='ocrx_word' id='word_1_270' title='bbox 328 4037 421 4098; x_wconf 87' lang='lat' dir='ltr'><strong>etiam</strong></span> <span class='ocrx_word' id='word_1_271' title='bbox 445 4038 486 4099; x_wconf 90' lang='lat' dir='ltr'><strong>de</strong></span> <span class='ocrx_word' id='word_1_272' title='bbox 507 4040 642 4118; x_wconf 91' lang='lat' dir='ltr'><strong>partium</strong></span> <span class='ocrx_word' id='word_1_273' title='bbox 669 4047 702 4102; x_wconf 88' lang='lat' dir='ltr'><strong>et</strong></span> <span class='ocrx_word' id='word_1_274' title='bbox 722 4060 922 4104; x_wconf 88' lang='lat' dir='ltr'><strong>numerorum</strong></span> <span class='ocrx_word' id='word_1_275' title='bbox 943 4042 1132 4114; x_wconf 84' lang='lat' dir='ltr'><strong>rationibus,</strong></span> <span class='ocrx_word' id='word_1_276' title='bbox 1168 4039 1300 4117; x_wconf 88' lang='lat' dir='ltr'><strong>quaein</strong></span> <span class='ocrx_word' id='word_1_277' title='bbox 1321 4054 1417 4098; x_wconf 88' lang='lat' dir='ltr'><strong>unum</strong></span> 
     </span>
     <span class='ocr_line' id='line_1_34' title="bbox 328 4126 1470 4220; baseline 0.001 -19"><span class='ocrx_word' id='word_1_278' title='bbox 328 4147 422 4220; x_wconf 87' lang='lat' dir='ltr'><strong>atque</strong></span> <span class='ocrx_word' id='word_1_279' title='bbox 443 4148 549 4203; x_wconf 90' lang='lat' dir='ltr'><strong>cetera</strong></span> <span class='ocrx_word' id='word_1_280' title='bbox 570 4126 736 4205; x_wconf 84' lang='lat' dir='ltr'><strong>convenire</strong></span> <span class='ocrx_word' id='word_1_281' title='bbox 758 4145 978 4208; x_wconf 74' lang='lat' dir='ltr'><strong>existimandae</strong></span> <span class='ocrx_word' id='word_1_282' title='bbox 1001 4144 1072 4205; x_wconf 90' lang='lat' dir='ltr'><strong>sint.</strong></span> <span class='ocrx_word' id='word_1_283' title='bbox 1116 4142 1268 4220; x_wconf 83' lang='lat' dir='ltr'><strong>Quocirca</strong></span> <span class='ocrx_word' id='word_1_284' title='bbox 1289 4140 1368 4201; x_wconf 79' lang='lat' dir='ltr'><strong>llaec</strong></span> <span class='ocrx_word' id='word_1_285' title='bbox 1387 4142 1416 4202; x_wconf 90' lang='lat' dir='ltr'><strong>si</strong></span> <span class='ocrx_word' id='word_1_286' title='bbox 1466 4166 1470 4177; x_wconf 93' lang='lat'>·</span> 
     </span>
     <span class='ocr_line' id='line_1_35' title="bbox 327 4240 1416 4328; baseline -0.002 -21"><span class='ocrx_word' id='word_1_287' title='bbox 327 4244 488 4307; x_wconf 87' lang='lat' dir='ltr'><strong>illustrare</strong></span> <span class='ocrx_word' id='word_1_288' title='bbox 508 4247 657 4323; x_wconf 78' lang='lat' dir='ltr'><strong>velimus,</strong></span> <span class='ocrx_word' id='word_1_289' title='bbox 679 4266 822 4312; x_wconf 72' lang='lat' dir='ltr'><strong>vemmur</strong></span> <span class='ocrx_word' id='word_1_290' title='bbox 843 4267 918 4311; x_wconf 93' lang='lat' dir='ltr'><strong>sane</strong></span> <span class='ocrx_word' id='word_1_291' title='bbox 937 4266 978 4323; x_wconf 81' lang='lat' dir='ltr'><strong>ne</strong></span> <span class='ocrx_word' id='word_1_292' title='bbox 999 4246 1169 4328; x_wconf 78' lang='lat' dir='ltr'><strong>legentium</strong></span> <span class='ocrx_word' id='word_1_293' title='bbox 1198 4242 1285 4306; x_wconf 87' lang='lat' dir='ltr'><strong>abuti</strong></span> <span class='ocrx_word' id='word_1_294' title='bbox 1311 4240 1416 4305; x_wconf 87' lang='lat' dir='ltr'><strong>vides·</strong></span> 
     </span>
     <span class='ocr_line' id='line_1_36' title="bbox 325 4350 577 4430; baseline 0.024 -22"><span class='ocrx_word' id='word_1_295' title='bbox 325 4365 399 4409; x_wconf 86' lang='lat' dir='ltr'><strong>mnr</strong></span> <span class='ocrx_word' id='word_1_296' title='bbox 419 4350 577 4430; x_wconf 86' lang='lat' dir='ltr'><strong>patientia.</strong></span> 
     </span>
    </p>
   </div>
   <div class='ocr_carea' id='block_1_3' title="bbox 325 4527 1414 4727">
    <p class='ocr_par' dir='ltr' id='par_1_6' title="bbox 325 4527 1414 4727">
     <span class='ocr_line' id='line_1_37' title="bbox 396 4527 1414 4596; baseline -0.008 -10"><span class='ocrx_word' id='word_1_297' title='bbox 396 4537 424 4596; x_wconf 74' lang='lat' dir='ltr'><strong>*l</strong></span> <span class='ocrx_word' id='word_1_298' title='bbox 444 4536 528 4595; x_wconf 79' lang='lat' dir='ltr'><strong>„Dos</strong></span> <span class='ocrx_word' id='word_1_299' title='bbox 543 4536 611 4586; x_wconf 75' lang='lat' dir='ltr'><strong>Eius</strong></span> <span class='ocrx_word' id='word_1_300' title='bbox 625 4536 681 4588; x_wconf 84' lang='lat' dir='ltr'><strong>und</strong></span> <span class='ocrx_word' id='word_1_301' title='bbox 695 4537 744 4588; x_wconf 76' lang='lat' dir='ltr'><strong>dus</strong></span> <span class='ocrx_word' id='word_1_302' title='bbox 757 4535 867 4588; x_wconf 76' lang='lat' dir='ltr'><strong>Assdrrs</strong></span> <span class='ocrx_word' id='word_1_303' title='bbox 883 4536 952 4588; x_wconf 81' lang='lat' dir='ltr'><strong>nacla</strong></span> <span class='ocrx_word' id='word_1_304' title='bbox 973 4538 1044 4588; x_wconf 75' lang='lat' dir='ltr'><strong>ihrer</strong></span> <span class='ocrx_word' id='word_1_305' title='bbox 1057 4534 1184 4586; x_wconf 70' lang='lat' dir='ltr'><strong>licitatione</strong></span> <span class='ocrx_word' id='word_1_306' title='bbox 1199 4527 1361 4590; x_wconf 68' lang='lat' dir='ltr'><strong>betraeitet,</strong></span> <span class='ocrx_word' id='word_1_307' title='bbox 1385 4547 1414 4579; x_wconf 78' lang='lat' dir='ltr'><strong>so</strong></span> 
     </span>
     <span class='ocr_line' id='line_1_38' title="bbox 325 4599 1414 4727; baseline -0.005 -74"><span class='ocrx_word' id='word_1_308' title='bbox 325 4622 398 4653; x_wconf 67' lang='lat' dir='ltr'><strong>assas</strong></span> <span class='ocrx_word' id='word_1_309' title='bbox 412 4602 457 4652; x_wconf 71' lang='lat' dir='ltr'><strong>dal:</strong></span> <span class='ocrx_word' id='word_1_310' title='bbox 473 4604 537 4653; x_wconf 75' lang='lat' dir='ltr'><strong>ldae</strong></span> <span class='ocrx_word' id='word_1_311' title='bbox 551 4605 594 4655; x_wconf 79' lang='lat' dir='ltr'><strong>dir</strong></span> <span class='ocrx_word' id='word_1_312' title='bbox 607 4608 756 4658; x_wconf 68' lang='lat' dir='ltr'><strong>sinulirless</strong></span> <span class='ocrx_word' id='word_1_313' title='bbox 769 4608 860 4727; x_wconf 54' lang='lat' dir='ltr'><strong>Ds‘ssqe</strong></span> <span class='ocrx_word' id='word_1_314' title='bbox 875 4606 1074 4679; x_wconf 72' lang='lat' dir='ltr'><strong>durelsdrs&#39;uqeu</strong></span> <span class='ocrx_word' id='word_1_315' title='bbox 1087 4601 1143 4654; x_wconf 73' lang='lat' dir='ltr'><strong>sared</strong></span> <span class='ocrx_word' id='word_1_316' title='bbox 1157 4603 1186 4653; x_wconf 80' lang='lat' dir='ltr'><strong>s&#39;rs</strong></span> <span class='ocrx_word' id='word_1_317' title='bbox 1200 4599 1280 4652; x_wconf 81' lang='lat' dir='ltr'><strong>tinea</strong></span> <span class='ocrx_word' id='word_1_318' title='bbox 1293 4600 1365 4658; x_wconf 77' lang='lat' dir='ltr'><strong>seira,</strong></span> <span class='ocrx_word' id='word_1_319' title='bbox 1386 4616 1414 4649; x_wconf 84' lang='lat' dir='ltr'><strong>so</strong></span> 
     </span>
    </p>
   </div>
   <div class='ocr_carea' id='block_1_4' title="bbox 324 4669 1556 4816">
    <p class='ocr_par' dir='ltr' id='par_1_7' title="bbox 324 4669 1556 4816">
     <span class='ocr_line' id='line_1_39' title="bbox 324 4669 1004 4748; baseline 0.004 -24"><span class='ocrx_word' id='word_1_320' title='bbox 324 4673 378 4724; x_wconf 77' lang='lat' dir='ltr'><strong>avie</strong></span> <span class='ocrx_word' id='word_1_321' title='bbox 392 4669 551 4744; x_wconf 71' lang='lat' dir='ltr'><strong>smpeksirt</strong></span> <span class='ocrx_word' id='word_1_322' title='bbox 565 4674 608 4725; x_wconf 79' lang='lat' dir='ltr'><strong>die</strong></span> <span class='ocrx_word' id='word_1_323' title='bbox 622 4676 712 4748; x_wconf 66' lang='lat' dir='ltr'><strong>Diope</strong></span> <span class='ocrx_word' id='word_1_324' title='bbox 726 4677 755 4729; x_wconf 80' lang='lat' dir='ltr'><strong>c&#39;u</strong></span> <span class='ocrx_word' id='word_1_325' title='bbox 768 4674 816 4727; x_wconf 76' lang='lat' dir='ltr'><strong>des·</strong></span> <span class='ocrx_word' id='word_1_326' title='bbox 846 4673 974 4728; x_wconf 71' lang='lat' dir='ltr'><strong>dereined.</strong></span> <span class='ocrx_word' id='word_1_327' title='bbox 986 4683 1004 4706; x_wconf 74' lang='lat'><strong>‘⁶</strong></span> 
     </span>
     <span class='ocr_line' id='line_1_40' title="bbox 905 4744 1556 4816; baseline 0.003 -2"><span class='ocrx_word' id='word_1_328' title='bbox 905 4770 914 4795; x_wconf 50' lang='grc' dir='ltr'><strong>-ι</strong></span> <span class='ocrx_word' id='word_1_329' title='bbox 1402 4744 1556 4816; x_wconf 37' lang='grc' dir='ltr'><strong>,Α</strong></span> 
     </span>
    </p>
   </div>
   <div class='ocr_carea' id='block_1_5' title="bbox 0 0 1892 5442">
    <p class='ocr_par' dir='ltr' id='par_1_8' title="bbox 0 0 1892 5442">
     <span class='ocr_line' id='line_1_41' title="bbox 0 0 1892 5442; baseline 0 1"><span class='ocrx_word' id='word_1_330' title='bbox 0 0 1892 5442; x_wconf 95' lang='lat' dir='ltr'><strong> </strong></span> 
     </span>
    </p>
   </div>
  </div>
 </body>
</html>
