3775 5442
654 634 741 697 uun
761 637 881 717 ,nnuc
923 635 1025 699 uenio
1046 636 1081 700 u.
1346 601 1414 710 m

321 806 475 871 esa'snln
497 806 572 888 qula
592 807 712 882 videat,
734 808 813 871 itanc
833 787 975 873 idearum
996 816 1090 892 atque
1110 829 1215 874 rerum
1237 813 1410 875 necessitu-

321 910 427 973 dinem
455 917 489 996 at
515 911 762 973 coniunctionem
787 917 885 975 tutam
913 933 952 975 ex
978 932 1018 978 cc
1044 915 1183 996 pendere
1217 921 1310 995 atque
1336 916 1410 977 inda

321 1013 453 1090 deduci,
481 1014 565 1095 quod
592 1021 682 1076 antca
710 1014 895 1093 explicitum
923 1023 988 1094 cat,
1016 1037 1111 1080 nuum
1132 1016 1246 1080 ceteris
1269 1022 1302 1079 ct
1319 1019 1413 1098 prius

321 1125 356 1180 et
382 1119 540 1200 posterius
569 1134 646 1179 casa.
693 1114 780 1178 Haec
800 1115 882 1179 enirn
903 1118 965 1182 nisi
986 1121 1052 1182 οΙιιι
1075 1119 1216 1184 cundiclu
1238 1129 1339 1197 rarat,
1369 1140 1411 1183 ue
1473 1108 1475 1113 ¹

313 1221 394 1304 ptura·
415 1221 539 1302 quidem
561 1239 597 1282 ac
616 1238 680 1282 non
691 1221 772 1303 fleri
792 1220 891 1283 malua
912 1228 966 1283 sut
986 1221 1087 1285 minus
1106 1224 1171 1285 ullo
1183 1226 1278 1287 modo
1290 1232 1409 1306 posset.

322 1324 470 1403 Quamvis
491 1331 592 1386 autem
615 1325 688 1388 idea
707 1324 753 1386 ita
780 1326 867 1403 quasi
883 1325 1042 1386 mutabilia
1063 1326 1211 1401 evaserit,
1234 1335 1269 1390 ut
1286 1328 1410 1409 penitus

321 1429 363 1491 sd
396 1446 502 1489 rarum
533 1425 790 1506 adspectabilium
826 1433 940 1490 statum
975 1434 1009 1490 ct
1042 1428 1254 1492 condicionem
1283 1433 1410 1494 detrusa
1467 1428 1481 1459 '¹

321 1531 482 1620 rideatur,
510 1538 674 1601 tamenca
695 1529 871 1608 germanam
892 1538 1032 1593 naturam
1055 1532 1332 1615 suamneutiqnam
1355 1534 1411 1594 dc-

322 1633 438 1716 pcault.
490 1635 568 1696 Nam
600 1633 650 1694 vel
676 1631 708 1693 lu
736 1652 855 1697 summa
881 1635 942 1695 ista
978 1636 1154 1714 temporum
1187 1636 1411 1709 vicissitudine,

323 1756 413 1820 qnam
443 1736 548 1814 subit,
582 1737 725 1800 absoluta
752 1755 823 1798 usse
850 1741 971 1816 potest,
1007 1742 1058 1812 ut,
1092 1737 1167 1800 licet
1192 1739 1261 1820 pari
1288 1756 1412 1818 semper

324 1859 434 1921 prosu
464 1847 578 1929 aetate!
586 1839 791 1920 provellatur,
818 1844 923 1900 tamen
952 1853 1014 1900 uun
1043 1840 1234 1904 mnasecua
1267 1840 1412 1924 pendeat,

323 1943 379 2006 aad
399 1961 461 2026 per
482 1961 518 2004 se
538 1941 581 2006 sit
600 1945 635 2002 et
647 1959 711 2005 naara
731 1940 830 2022 ipsius
850 1943 881 2002 vi
902 1943 1062 2005 consistat.
1106 1944 1227 2023 Quodsi
1240 1963 1315 2007 aero
1332 1945 1412 2006 rela-

323 2046 416 2135 tiauia
439 2045 486 2109 vla
507 2045 539 2106 in
562 2062 599 2106 ea
619 2044 786 2125 conspicua
807 2049 873 2119 eat,
895 2046 1004 2124 utique
1024 2064 1094 2108 cum
1111 2050 1301 2129 relualpsls
1318 2048 1411 2111 anu·

323 2149 402 2213 rima
427 2148 666 2212 necessitudinis
691 2148 813 2210 vinculo
841 2148 1036 2225 continetur,
1070 2154 1106 2211 ut
1132 2151 1212 2214 adea
1246 2151 1410 2246 temporis,

322 2273 386 2335 qna
413 2251 568 2317 exstiterit
599 2253 649 2315 vel
678 2250 882 2333 provehatur,
921 2251 1027 2315 habita
1056 2252 1189 2323 ratione,
1205 2246 1275 2318 cuna
1302 2274 1409 2318 rernm

321 2365 435 2420 natura
454 2363 548 2439 queat
570 2356 749 2436 comparari.
792 2353 856 2417 Scd
879 2373 1139 2436 supervacaneum
1166 2366 1311 2438 putamus
1332 2357 1410 2420 haec

322 2461 468 2545 persequi
495 2460 658 2535 subtilius,
693 2477 786 2540 quum
816 2457 867 2519 vel
894 2475 931 2520 ax
958 2460 1016 2536 ila,
1045 2478 1124 2541 quac
1153 2472 1226 2526 ante
1252 2453 1410 2544 disputata
1441 2514 1448 2524 .

322 2572 411 2643 suut,
431 2565 556 2647 penitus
576 2562 710 2644 intelllgi
731 2566 846 2642 queunt
866 2569 960 2643 atque
982 2567 1138 2644 cognosci.

407 2667 557 2731 Venimus
579 2666 675 2748 igitur
696 2666 735 2727 ad
758 2685 811 2740 ea,
845 2673 925 2745 qua‘e
944 2666 1072 2731 Eleates
1094 2666 1254 2730 universae
1275 2666 1348 2730 innic
1369 2667 1419 2729 dc»
1482 2678 1485 2683 ’

321 2780 499 2855 impurum
515 2771 699 2834 rationibus
731 2769 764 2831 in
797 2787 891 2830 unum
922 2771 1176 2831 convenientibus
1206 2769 1410 2849 disputationi

321 2883 473 2956 mquam
497 2873 654 2938 corollarii
683 2872 755 2933 lccu
783 2870 881 2932 addit.
930 2865 1060 2950 colligit
1082 2873 1163 2932 enirn
1186 2871 1301 2945 exiis,
1332 2889 1410 2951 quae

323 2979 432 3042 adhuc
451 2978 602 3059 disputata
623 2980 712 3049 sunt,
736 2992 830 3034 unum
840 2973 962 3035 dullum
976 2972 1222 3054 omnesomnino
1234 2981 1410 3051 temporum

321 3081 464 3148 ratiunct
484 3101 519 3144 uc
538 3078 771 3145 vicissitudines
789 3077 907 3141 subire.
951 3077 1042 3157 Qucd
1058 3076 1220 3139 verissime
1234 3077 1273 3138 ab
1287 3093 1326 3137 ec
1336 3093 1412 3155 pru·

322 3185 477 3263 nntium,
499 3185 560 3247 iam
581 3205 673 3247 nernc
693 3184 805 3266 cpiucr
822 3181 987 3245 dubitabit.
1031 3181 1153 3263 Quippe
1165 3183 1255 3244 ideae
1267 3179 1410 3261 quioniam

323 3295 356 3353 et
381 3290 466 3353 iuter
490 3291 576 3371 ipsas
603 3296 636 3350 ct
662 3307 732 3352 cum
752 3288 849 3350 rebus
871 3285 1136 3367 adspectabillbus
1157 3285 1271 3347 variam
1293 3284 1410 3345 halent

322 3394 588 3476 multiplicemque
600 3392 846 3456 coniunctionem
868 3395 963 3470 atquc
981 3389 1252 3467 necessitudinem,
1265 3391 1335 3451 lieri
1348 3408 1409 3450 nun

322 3505 444 3580 petest,
466 3498 560 3577 quin,
581 3495 641 3558 etsi
663 3512 721 3575 per
742 3511 777 3554 se
798 3502 871 3556 aunt
893 3487 1056 3566 aeternae,
1080 3493 1260 3566 absolutae,
1282 3499 1315 3552 et
1336 3510 1409 3552 con-

322 3610 459 3679 stantes,
480 3608 585 3664 temen
607 3606 782 3680 temporum
803 3588 976 3660 rationibus
992 3595 1088 3656 ueluti
1100 3595 1305 3676 *implicentur
1317 3602 1410 3676 atque

323 3706 476 3770 classica
495 3706 589 3780 liant,
611 3701 679 3765 sine
701 3702 812 3782 utribus
833 3699 1040 3781 philosophus
1062 3717 1102 3760 ne
1118 3701 1321 3762 mutationem
1342 3699 1410 3779 qui-

323 3811 396 3873 den
415 3810 512 3873 ullam
535 3814 568 3870 et
588 3804 827 3868 necessitudinis
849 3804 1029 3866 varietatem
1052 3803 1154 3865 lucum
1177 3802 1296 3864 habere
1316 3819 1411 3881 posse

322 3915 383 3978 ant
403 3917 613 3996 persuaserat.

406 4020 510 4097 Atque
536 4015 599 4078 lacc
625 4014 750 4095 quidem
780 4017 996 4094 argumentum
1024 4016 1168 4092 putamus
1196 4024 1266 4069 esse
1293 4004 1410 4087 grada-

321 4121 419 4185 simsc
441 4119 534 4182 huius
556 4124 650 4199 atque
672 4117 895 4180 subtilissimae
915 4115 957 4178 de
976 4121 1048 4178 ente
1070 4113 1158 4176 tinitc
1181 4107 1409 4192 disputationis,

321 4224 414 4306 Quod
427 4223 481 4305 qul
499 4228 619 4287 attento
641 4222 744 4284 animo
765 4219 1037 4302 perlustraverlnt,
1059 4217 1082 4278 ii
1105 4216 1265 4288 lubenter,
1288 4208 1409 4291 opinor,

318 4326 414 4392 sallia
444 4328 632 4409 largientur,
661 4343 767 4387 acrum
795 4343 881 4403 esse,
910 4322 996 4405 quud
1022 4338 1116 4400 supra
1146 4318 1299 4387 diximus,
1331 4311 1411 4374 iilud

318 4431 455 4494 maxima
474 4435 544 4492 tutu
566 4433 628 4494 lncc
647 4433 718 4493 lnce
740 4430 809 4510 agi,
831 4434 867 4489 ut
884 4425 966 4488 entis
978 4423 1076 4497 tinitl,
1098 4424 1163 4484 sive
1177 4420 1318 4481 idearum
1331 4434 1412 4497 quaa

319 4553 356 4598 ex
384 4532 510 4596 infinito
530 4533 732 4613 prodierunt,
760 4532 809 4593 vel
831 4537 941 4593 natura
964 4535 997 4591 et
1026 4527 1117 4606 urigo
1140 4522 1339 4597 ostendatur,
1360 4521 1411 4583 rel
1481 4520 1488 4536 ’

317 4639 402 4702 ratic
424 4643 521 4718 atque
541 4634 733 4712 coniunctio,
755 4653 847 4715 quam
868 4634 919 4697 vel
939 4649 1047 4698 aecum
1068 4629 1139 4708 ipse
1161 4628 1210 4689 vel
1227 4645 1296 4689 cum
1314 4625 1410 4688 relius

1132 4730 1171 4792 ll
1185 4730 1203 4770 *
