3775 5442
465 626 528 691 224
782 621 867 683 biber
888 621 1007 701 primus.
1048 619 1148 682 Sentio
1169 620 1238 683 xil.

465 792 690 877 adspectabilea
720 792 814 855 almili
834 793 929 856 modo
950 793 1194 857 considerandae
1214 799 1297 857 sunt.
1340 791 1417 855 Nam
1437 793 1549 857 barum
1611 790 1614 795 '

466 907 576 965 natura
596 902 689 976 atque
709 894 851 957 condicio
872 894 1016 976 quoniam
1038 915 1168 977 prorsus
1190 896 1229 957 ad
1242 896 1381 959 idearum
1397 898 1549 959 rationem

466 1009 516 1068 est
536 1003 750 1079 attemperata,
772 998 844 1060 deri
865 997 1009 1078 prolecto
1029 1018 1093 1061 non
1111 1004 1235 1080 potest,
1258 999 1332 1078 quin
1353 1001 1381 1062 ai
1401 1000 1549 1064 notiones

466 1104 675 1191 generaliores
702 1106 847 1182 tauquam
872 1101 1058 1181 negantibus
1095 1103 1348 1165 attributionibus
1383 1101 1550 1184 insignitae

467 1208 658 1289 cogitentur,
691 1204 784 1267 etlam
810 1223 863 1267 res
892 1204 1071 1267 individuae
1101 1210 1196 1284 atque
1228 1206 1401 1286 singulares
1438 1206 1550 1268 eodem

465 1311 560 1375 modo
582 1306 768 1390 spectandae
789 1308 862 1371 sint.
904 1307 1088 1388 Priusquam
1108 1327 1182 1371 vero
1206 1308 1394 1389 queunte
1417 1308 1458 1371 de
1478 1328 1550 1390 grs-

465 1413 591 1477 vlsaimo
619 1410 681 1472 boc
706 1410 777 1473 loeo
805 1410 1005 1486 disseruerit,
1032 1429 1092 1490 per
1117 1418 1222 1491 partes
1244 1412 1418 1487 videamus,
1451 1431 1550 1492 panea

466 1516 668 1601 praemittere
689 1531 767 1595 opus
789 1518 839 1578 est
859 1512 900 1575 de
919 1513 978 1589 iis,
1001 1532 1080 1594 quae
1100 1514 1141 1576 ad
1158 1514 1318 1577 univmsae
1331 1514 1549 1595 disputationis

466 1625 527 1685 sim
547 1625 636 1683 recte
655 1617 885 1699 percipiendam
906 1618 1082 1679 necessaria
1103 1622 1185 1679 sunt.

550 1722 699 1795 iitillud
728 1722 852 1802 quidem
880 1719 1035 1782 neminem
1063 1726 1208 1801 putamus
1236 1719 1448 1783 dubitaturum
1468 1718 1565 1796 csse,¹

468 1849 529 1913 quo
551 1844 644 1891 aenan
666 1828 734 1887 toto
756 1823 817 1884 boc
837 1822 908 1884 loco
938 1823 1075 1886 formula
1094 1824 1166 1900 illa,
1195 1822 1231 1887 ἓν
1251 1826 1278 1887 al
1298 1818 1345 1907 μὴ
1367 1825 1473 1901 ἔστιν,
1500 1844 1551 1886 ac-

468 1929 610 2014 cipienda
637 1926 688 1991 nit.
736 1925 845 2006 Neque
871 1925 953 1987 enim
982 1918 1022 1991 τὸ
1044 1922 1129 1991 εἶναι
1156 1925 1340 2007 simpliciter
1366 1932 1399 1989 et
1426 1927 1550 1990 omnino

467 2038 555 2113 tolli,
576 2034 634 2097 sed
655 2033 832 2110 comparate
853 2030 977 2111 negari,
998 2028 1073 2091 inde
1093 2029 1269 2091 luculenter
1289 2036 1399 2110 patere
1418 2031 1551 2092 arbitra·

467 2159 555 2214 mur,
582 2124 738 2217 quodni
765 2124 853 2195 ἄλλα
879 2133 971 2194 variis
998 2133 1241 2213 proprietatibus
1269 2134 1408 2195 videmus
1435 2134 1549 2208 ornari,

469 2241 596 2324 quibus,
619 2236 704 2298 omni
725 2231 841 2309 οὐσίας
861 2235 891 2297 vi
912 2237 1050 2311 sublata,
1072 2234 1155 2297 baud
1174 2235 1267 2297 dubie
1286 2237 1550 2304 'essentcaritura

469 2344 620 2427 Quocirca
640 2337 842 2405 manifestum¹
858 2342 924 2414 est,
946 2338 1008 2401 boc
1028 2340 1099 2401 loco
1120 2338 1200 2400 illud
1219 2339 1413 2419 potissimum
1430 2340 1553 2420 exquiri

468 2442 562 2528 atque
583 2440 778 2522 investigari,
801 2440 876 2521 quid
898 2449 970 2515 τοῖς
991 2434 1108 2515 ἄλλοις
1129 2442 1271 2505 accidere
1290 2443 1485 2504 iudicandum
1498 2443 1552 2521 sit,

467 2551 497 2616 ai
516 2551 607 2613 ideae
627 2550 783 2628 ponantur
802 2542 986 2624 negantibus
1008 2544 1159 2608 limitatae
1170 2546 1254 2609 notis
1265 2546 1400 2627 ideoque
1412 2549 1450 2607 ab
1464 2546 1553 2608 altir-

468 2652 625 2717 mantibus
647 2647 826 2713 notionibus
849 2646 999 2711 diversae.
1047 2647 1250 2711 subnascitur
1278 2667 1352 2712 vero
1378 2649 1432 2713 iric
1453 2650 1554 2713 altera

469 2754 638 2830 dubitatio,
666 2768 814 2833 quaenam
845 2741 888 2812 τὰ
911 2742 998 2813 ἄλλα
1025 2750 1088 2812 siut
1113 2752 1317 2832 intelligenda
1336 2760 1431 2834 atque
1451 2753 1552 2815 inion-

469 2859 591 2923 manda.
633 2856 710 2920 Nam
732 2874 826 2937 quum
848 2853 884 2917 ln
909 2855 1073 2934 superiore
1093 2854 1309 2936 disputationis
1339 2856 1491 2937 particula
1511 2875 1552 2919 eo

468 2963 595 3026 nomine
616 2959 789 3040 appellatae
816 2958 878 3020 sint
903 2956 995 3019 ideae
1024 2958 1249 3022 affirmantibus
1270 2960 1354 3023 notia
1375 2959 1552 3038 distinctae,

469 3065 647 3147 ambiguum
658 3081 733 3125 sane
750 3061 849 3121 videri
859 3061 977 3139 poterit
988 3059 1028 3121 de
1038 3060 1098 3122 bac
1109 3080 1217 3123 caussa
1229 3062 1385 3125 indicium.
1418 3062 1552 3125 Verum-

468 3174 573 3229 tamen
594 3182 663 3225 mea
684 3161 809 3240 quidem
830 3164 985 3223 sententia
1004 3163 1137 3225 multum
1159 3162 1303 3241 fallatur,
1332 3167 1359 3230 ai
1381 3166 1449 3246 quis
1469 3184 1553 3230 nunc

470 3270 510 3329 de
530 3267 611 3329 ideis
632 3263 728 3325 modo
749 3264 850 3324 aiente
871 3264 968 3325 linitis
989 3284 1164 3329 sermonem
1185 3285 1255 3329 esse
1277 3270 1338 3331 sibi
1355 3271 1551 3350 persuadeat.
1601 3286 1605 3293 '

468 3371 546 3433 Nam
568 3370 701 3450 primum
722 3364 847 3446 quidem
870 3366 911 3427 de
932 3367 1093 3449 utriusque
1113 3372 1238 3453 generis
1259 3373 1399 3435 idearum
1421 3394 1502 3437 nexu
1519 3381 1554 3438 et

469 3472 668 3536 cohaerentia
689 3472 764 3533 satis
786 3469 969 3548 explicatum
992 3479 1041 3535 eat
1060 3474 1093 3535 in
1109 3458 1340 3554 superioribus,
1361 3485 1397 3539 nt
1409 3477 1554 3556 proiecto

470 3577 569 3639 omnis
597 3576 638 3637 dc
664 3574 723 3635 bac
749 3590 786 3634 re
812 3573 982 3655 disputatio
1015 3596 1096 3639 nunc
1123 3577 1248 3658 quidem
1272 3597 1500 3659 supervacanea
1520 3584 1555 3642 ct

469 3678 587 3741 inutilla
607 3677 707 3739 videri
729 3678 852 3741 debeat.
895 3678 1016 3740 Deinde
1038 3682 1143 3759 quaeri
1164 3680 1360 3744 manifestum
1382 3670 1431 3743 est
1446 3682 1487 3760 dc
1502 3700 1552 3757 eo,

470 3781 556 3865 quod
576 3780 614 3843 ab
638 3779 729 3843 ideae
748 3783 891 3863 negando
914 3782 1021 3843 linitae
1041 3785 1070 3844 si
1092 3789 1124 3845 et
1145 3790 1255 3847 natura
1283 3785 1377 3847 veludi
1399 3782 1554 3845 alliciatur

330 3936 334 3947 .
469 3905 528 3967 per
549 3903 679 3966 eamque
699 3885 787 3965 quasi
808 3890 936 3965 regatur
955 3890 987 3946 et
999 3885 1218 3947 conformetur.
1261 3887 1354 3967 Quod
1365 3891 1451 3947 certe
1461 3903 1554 3947 nemo

470 3989 531 4051 erit
551 3989 605 4068 qui
626 3987 658 4050 in
679 3989 824 4063 alterum}
839 3987 917 4050 illud
938 4005 1036 4066 genus
1057 3989 1196 4051 idearum
1217 3991 1303 4053 nullo
1324 3988 1419 4051 modo
1441 3987 1556 4053 cadere

469 4097 619 4173 protenus
640 4090 798 4173 largiatur.
846 4092 1013 4154 Praeterea
1039 4091 1206 4171 diligenter
1232 4099 1282 4155 est
1309 4090 1556 4153 animadverten-

470 4195 560 4271 dum,
593 4212 646 4269 ca,
681 4214 760 4273 quae
786 4194 848 4257 boc
874 4194 943 4255 loco
971 4193 1203 4274 intelligantur,
1232 4187 1276 4257 τὰ
1306 4185 1396 4256 ἄλλα
1425 4191 1556 4255 albertis

469 4298 573 4361 verbis
599 4295 731 4361 iudicari
764 4298 826 4360 τοῦ
855 4287 928 4369 ἑνὸς
955 4290 1015 4359 οὐκ
1043 4292 1128 4361 εἶναι
1155 4290 1259 4372 ἄλλα,
1293 4286 1339 4378 μὴ
1373 4287 1474 4370 ὄντος
1507 4317 1556 4379 ys,

470 4418 564 4479 quum
592 4406 682 4461 antea
708 4391 751 4461 τὰ
781 4390 869 4459 ἄλλα
899 4399 937 4459 ab
966 4417 1043 4473 uno,
1072 4401 1199 4481 neganti
1219 4399 1313 4462 modo
1336 4398 1555 4473 determinato,
1616 4400 1618 4417 '

472 4500 650 4581 discrepare
679 4503 814 4582 ideoque
840 4500 871 4560 ei
899 4499 1060 4563 dissimilia
1087 4523 1157 4565 esse
1187 4503 1375 4585 disputatum
1399 4503 1449 4565 sit,
1493 4499 1555 4562 vid
1615 4492 1618 4505 '

469 4621 501 4682 p.
514 4601 585 4665 ldl.
598 4605 634 4666 Α.
651 4604 684 4668 B.
706 4605 777 4667 coll.
799 4625 829 4686 p.
844 4603 915 4667 lul.
929 4603 968 4671 li.
991 4603 1062 4669 1⁰2.
1078 4606 1114 4668 A.
1128 4607 1161 4669 ll.
1205 4606 1253 4669 lia
1271 4626 1333 4688 quo
1356 4605 1556 4686 perspicuum
