3775 5442
747 629 794 690 ΙΝ
824 628 1151 693 PARMENIDEM.
1291 675 1298 681 ..
1424 638 1486 701 σοι

400 821 491 872 μενον.
531 801 557 861 εἰ
574 804 629 880 γάρ
651 802 699 861 καὶ
719 805 804 859 ταῦτα
826 803 947 878 κρατοίη,
968 805 1071 860 πολλοῦ
1091 803 1133 862 δεῖ
1152 804 1335 882 διαφέρεσθαι
1355 811 1425 885 τυρός
1440 810 1489 881 την

400 903 431 958 έν
450 901 488 978 τηῖ
506 901 629 981 Σοφιστῇ
657 909 702 975 τῆς
728 906 844 968 στάσεως
870 902 918 959 καί
943 908 990 975 τῆς
1015 905 1139 975 κινήσεως
1162 903 1294 979 ἀμιξίαν,
1325 909 1427 980 μάλλον
1455 911 1487 968 δέ

399 998 524 1077 συνᾴδειν
543 1006 600 1068 τοῖς
620 1005 648 1062 ἰν
672 1006 779 1079 Φιλήβῳ
801 1006 1004 1080 γεγραμμένοις,
1025 1005 1053 1061 ἰν
1073 996 1114 1069 οἷς
1134 1003 1230 1079 ἔλεγεν,
1253 1001 1293 1061 ’ότι
1315 1009 1346 1062 τό
1368 1005 1434 1065 αὗτδ
1457 1011 1485 1068 ἓν

399 1097 469 1160 τίνοι
491 1103 538 1161 καί
559 1109 647 1162 πολλά
668 1103 902 1183 δεδημευμένονΙ)
929 1106 1001 1163 έστίν
1019 1104 1066 1164 έιτί
1091 1107 1145 1161 τῶν
1172 1104 1328 1178 αἰσθητῶν,
1358 1103 1434 1173 άξιον
1454 1113 1485 1171 δέ
1590 1172 1599 1193 ὦ

398 1206 527 1275 ζητήσεως
554 1204 599 1263 έιελ
625 1206 685 1265 κάκ’
705 1211 806 1278 νοητῶν
817 1199 848 1287 ²)
875 1206 1013 1278 μονάδων,
1041 1203 1118 1273 ὅπως
1138 1207 1243 1263 ἐκείνων
1263 1211 1358 1282 ἑκάστη
1380 1211 1408 1269 έν
1428 1217 1483 1271 έοτι
1598 1210 1605 1223 ’

396 1304 445 1361 καί
471 1310 572 1365 πολλά·
600 1311 683 1384 τούτῳ
704 1311 759 1386 γάρ
786 1303 885 1364 ταύτόν
910 1310 941 1364 τό
969 1309 1169 1384 διακεκριμένον
1196 1306 1308 1366 ἕκαστον
1334 1307 1403 1370 εἶναι
1429 1319 1483 1372 τῶν

396 1410 499 1477 νοητῶν
519 1407 596 1466 εἰδῶν
617 1411 664 1468 καί
685 1411 907 1486 συγκρινόμενον,
929 1408 968 1478 ῶς,
985 1413 1014 1465 έν
1032 1411 1135 1474 τούτοις
1155 1413 1230 1481 φησί.

465 1511 556 1565 Ταῦτα
576 1512 627 1583 μέν
648 1498 695 1567 οὖν
716 1509 837 1586 εἰρήσθω
858 1506 922 1583 περί
942 1510 995 1564 τῶν
1016 1508 1094 1566 εἰδῶν
1115 1508 1208 1577 άπλῶς
1227 1517 1274 1585 τῆς
1291 1534 1321 1572 τε
1339 1520 1411 1595 τιρδς
1431 1514 1483 1578 ἆ).

393 1608 462 1676 ληλα
484 1611 530 1666 καί
551 1614 596 1682 τῆς
615 1613 728 1668 ἑκάστου
748 1604 821 1666 καθ’
843 1607 910 1665 αὑτό
931 1611 1001 1666 κατά
1027 1614 1074 1683 την
1102 1611 1195 1669 λ’νωσιν
1215 1614 1263 1670 καὶ
1282 1617 1330 1685 τήν
1350 1617 1482 1695 διαίρεσιν
1614 1660 1628 1719 ¹

393 1711 542 1774 κοινωνίας.
586 1707 662 1776 ὅπως
682 1712 711 1768 δέ
728 1712 783 1787 χρι)
803 1712 851 1781 τήν
871 1709 981 1784 άμιξίαν
1007 1710 1096 1770 αὐτῶν
1116 1712 1164 1769 καί
1184 1715 1233 1784 τίην
1252 1719 1326 1789 μῖξιν
1344 1721 1481 1794 έκλαμβά-
1514 1792 1516 1797 .
1550 1790 1555 1798 .

392 1829 461 1874 νειν,
490 1806 593 1894 ἰσωςί)
616 1810 802 1890 εὐκαιρότερον
821 1817 850 1870 έν
869 1816 929 1878 ταῖς
949 1816 997 1869 τοῦ
1019 1817 1157 1884 Σοφιστοῖι
1178 1814 1297 1873 διελθεῖν
1316 1760 1552 1893 έξηγησεσινῶίς

391 1901 468 1966 ὅπου
487 1915 693 1988 προηγουμένως
713 1912 731 1969 δ
750 1915 866 1970 Πλάτων
893 1915 1045 1989 διαλέγεται
1071 1915 1202 1991 περὶτοῦ
1222 1919 1341 1990 μετέχειν
1361 1918 1481 1991 άλληλων

388 2008 409 2080 ἢ
428 2015 465 2084 με)
485 2014 602 2086 μετέχειν
621 2017 655 2071 τά
674 2015 738 2089 γένη
759 2016 807 2070 τοῦ
828 2013 905 2082 ὄντος
930 2009 971 2097 ⁴).
1010 2017 1127 2092 πότερον
1147 2016 1176 2072 δέ
1198 2015 1323 2090 δμοιότης
1344 2020 1392 2077 καί
1413 2021 1479 2080 άνα

390 2114 501 2184 μοιότης
527 2111 560 2171 οιί
584 2118 670 2188 μόνον
693 2113 816 2185 ἀλλήλοις
840 2119 984 2191 μίγνυται,
1018 2114 1087 2172 άλλά
1108 2114 1231 2181 καὶτοῖς
1252 2112 1358 2190 ἄλλοις,
1387 2126 1478 2184 στάσει

390 2215 458 2286 λέγω
485 2212 516 2285 ⁶)
544 2215 591 2272 καί
619 2218 734 2287 κινήσει,
760 2215 808 2272 καί
827 2211 896 2282 δλως
916 2221 1034 2293 πότερον
1052 2218 1087 2274 τά
1106 2215 1170 2291 γένη
1191 2219 1239 2273 τοῦ
1261 2218 1336 2288 ὄντος
1357 2221 1405 2281 οἰκ
1427 2226 1476 2284 άλ-

390 2315 478 2383 ληλοις
497 2317 581 2388 μόνον
602 2315 670 2373 άλλά
692 2317 739 2373 καί
759 2322 816 2384 τοῖς
836 2320 917 2376 εἰδεσι
936 2323 985 2376 τοῖι
1006 2319 1082 2386 ὄντος
1088 2362 1096 2387 ,
1119 2316 1136 2390 ἢ
1156 2320 1190 2373 τά
1210 2322 1260 2393 μέν
1280 2320 1402 2396 άλληλοις
1422 2332 1476 2401 μό-

388 2435 449 2482 νον,
470 2420 504 2474 τά
524 2418 553 2474 δέ
575 2412 621 2486 οἰ,
641 2421 709 2492 μετά
729 2423 814 2475 ταῦτα
835 2422 972 2476 σκεπτέον.
1013 2422 1138 2491 φαίνεται
1160 2403 1252 2500 οἰνθ)
1277 2417 1383 2483 άτοπον
1404 2425 1472 2489 εἶναι

388 2520 422 2574 τά
443 2520 517 2575 αἴτια
537 2523 654 2593 μετέχειν
677 2522 731 2574 τῶν
757 2518 900 2574 αἰτιατῶν·
928 2517 944 2590 ἡ
966 2521 996 2576 δέ
1016 2522 1069 2574 τῶν
1092 2520 1178 2593 γενῶν
1205 2522 1370 2607 πεμπτάςλ)
1398 2530 1472 2589 αἰτία

386 2622 472 2676 πᾶσιν
494 2621 548 2677 ἐστὶ
574 2625 629 2684 τοῖς
656 2618 737 2675 εἴδεσι
764 2622 810 2686 τῆς
836 2617 1017 2683 ὑποστάσεως.
1059 2620 1162 2692 μίηιτοττ
1189 2606 1238 2676 σῶν
1251 2628 1406 2696 πολλαχῶς
1427 2629 1474 2702 τὴν

384 2724 459 2796 μῖξιν
479 2723 608 2796 γίνεσθαι
628 2721 735 2796 ῥητέον·
764 2711 850 2784 άλλως
876 2721 931 2795 γάρ
957 2721 1110 2794 μίγνυσθαι
1138 2720 1173 2774 τά
1193 2721 1320 2793 σύστοιχα
1341 2724 1472 2797 άλληλοις,
1523 2800 1528 2809 ἱ

383 2819 473 2887 άλλως
493 2824 527 2877 τά
549 2822 760 2896 κρείττονατοῖς
782 2818 944 2893 ὑφειμένοις,
972 2813 1057 2886 άλλως
1077 2821 1111 2875 τά
1132 2821 1324 2898 καταδεέστερα
1346 2832 1401 2894 τοῖς
1422 2829 1473 2888 αὖ.

381 2931 439 2983 τῶν
460 2923 588 2996 α’μείνοσι.
630 2922 665 2977 τά
690 2925 740 2995 μέν
767 2924 822 2998 γάρ
849 2920 896 2978 καί
918 2918 1009 3000 φοιτᾷἶ
1029 2916 1066 2978 δι’
1091 2919 1210 2992 άλλήλων
1230 2922 1277 2978 καί
1297 2927 1474 2997 μεταδίδωσιν

383 3027 509 3097 ἀλλήλοις
529 3027 582 3080 τῶν
603 3024 707 3082 οἰκείων
728 3026 879 3098 δυνάμεων,
900 3025 934 3081 τά
955 3023 985 3080 δέ
1002 3027 1087 3102 χωρεῖ
1105 3024 1155 3098 μέν
1176 3024 1223 3081 διά
1242 3028 1296 3081 τῶν
1317 3024 1473 3101 δφειμένων,

382 3128 547 3205 μεταδίδωσί
566 3148 594 3182 τε
615 3122 705 3191 αἰτοῖς
726 3120 780 3197 ἄρ’
801 3129 904 3183 ίαυτῶν
916 3130 968 3198 τῆς
990 3125 1090 3191 οἰκείας
1111 3123 1249 3197 ἰδιότητος,
1271 3128 1319 3184 καί
1335 3126 1406 3186 ἔστιν
1421 3130 1472 3190 αεί-

380 3235 439 3295 κσῖς
459 3230 529 3285 κατά
547 3230 672 3302 μέθεξιν,
700 3228 733 3282 τά
754 3226 784 3282 δέ
804 3225 917 3305 ένιδρίει
936 3230 986 3303 μέν
1007 3225 1077 3285 αδτά
1095 3230 1151 3291 τοίς
1172 3229 1332 3304 κρείττοσιν,
1359 3232 1470 3307 δμέστιοι

382 3334 413 3390 δέ
434 3327 525 3396 αὐτοῖς
544 3332 667 3406 γίγνεται
687 3328 734 3385 καὶ
761 3330 814 3384 τῶν
834 3323 924 3386 αὗτῶν
944 3329 1076 3386 άττολοιίει
1097 3330 1198 3398 νοητῶν
1219 3327 1255 3392 ῶς
1275 3323 1310 3385 άν
1330 3337 1359 3388 έν
1379 3332 1471 3402 αὐτοῖς

381 3433 449 3490 ὄντα
460 3431 492 3510 ⁸)
514 3424 578 3489 κατ’
603 3430 701 3487 αἰτίαν.
723 3429 746 3486 εἰ
767 3429 799 3499 δὴ
819 3433 905 3487 ταῦτα
926 3428 1021 3506 ὀρθῶς
1041 3430 1167 3504 λέγομεν,
1193 3429 1226 3482 τά
1246 3449 1275 3484 τε
1296 3433 1352 3504 εἴδη
1372 3437 1470 3510 μέρη.

380 3556 427 3590 ται
448 3533 570 3606 ἀλληλοις
591 3533 638 3589 καί
658 3535 692 3589 τά
712 3531 775 3606 γένη
796 3533 866 3587 κατά
886 3534 917 3587 τό
937 3534 1047 3607 πρῶτον
1067 3525 1137 3595 εἶδος
1164 3532 1210 3600 τῆς
1229 3531 1337 3601 μίξεως,
1365 3538 1394 3590 έν
1413 3535 1469 3616 γάρ

380 3639 438 3701 τοῖς
457 3637 608 3705 συστοίχοις
630 3631 645 3704 ἦ
666 3633 774 3704 τοιαίτη
796 3633 938 3689 κοινωνία·
962 3632 1009 3688 καί
1029 3635 1063 3689 τά
1083 3634 1146 3708 γένη
1166 3634 1224 3696 τοῖς
1245 3634 1325 3692 είδεσι
1347 3639 1416 3693 κατά
1436 3642 1468 3696 τό

381 3737 511 3813 δεάτερσν,
532 3737 693 3810 μεταδίδωσι
705 3738 760 3812 γάρ
776 3731 866 3799 αὐτοῖς
878 3736 995 3789 ἑαυτῶν·
1018 3736 1065 3793 καὶ
1085 3737 1119 3791 τά
1140 3735 1196 3805 εἴδη
1217 3740 1273 3803 τοίς
1293 3739 1380 3812 γένεσι
1396 3741 1535 3803 unm

381 3841 414 3895 τό
435 3839 536 3914 τρίτον,
558 3837 703 3913 ίνιδρίιεται
723 3834 778 3911 γάρ
798 3832 889 3900 αιίτοῖς
910 3836 957 3893 καί
978 3839 1085 3905 ίνίζεται
1107 3836 1155 3895 καί
1174 3841 1204 3894 έν
1224 3832 1356 3915 αἰτοῖςθ)
1376 3841 1468 3914 γίγνε·

378 3960 442 4007 ται,
463 3942 565 4013 μᾶλλον
585 3938 615 3995 δέ
635 3941 691 3993 ἐστι
711 3936 802 4011 πολλῷ
822 3940 956 4016 πρότερον
975 3943 1005 3995 έν
1025 3938 1115 4006 αὐτοῖς
1136 3933 1198 3998 κατ’
1223 3938 1326 4007 αἰτίαν,
1354 3939 1401 3997 διά
1420 3944 1468 4012 τὴν

378 4046 409 4098 έν
430 4039 524 4119 άμερεῖ
537 4039 586 4120 ¹⁰)
609 4042 715 4096 πάντων
737 4037 895 4099 ίιτιόστασιν.
917 4039 964 4096 καί
985 4037 1035 4110 οὐχ
1054 4037 1130 4115 ἡμεῖς
1149 4045 1234 4100 ταῦτα
1256 4038 1466 4115 άναπλάττομεν,

449 4326 477 4394 l)
502 4326 532 4380 C.
557 4331 764 4397 πεπαιδευμένον.
800 4354 835 4364 -
875 4323 904 4389 2)
928 4326 960 4376 B.
984 4325 1015 4377 C.
1042 4327 1186 4392 αἰσθητῶν.
1225 4354 1255 4369 -
1294 4323 1325 4392 ὅ)
1346 4326 1381 4375 Β.
1406 4329 1466 4386 ἴσως

377 4413 428 4463 καί.
464 4441 497 4452 -
533 4412 566 4479 4)
586 4413 614 4464 C.
639 4418 697 4485 περ)
718 4414 767 4466 τοῦ
790 4414 907 4480 μετέχειν
928 4409 964 4462 τά
989 4412 1047 4477 γένη
1070 4412 1120 4462 τοτ’Ι
1137 4410 1221 4469 ὄντος.
1260 4439 1292 4450 -
1326 4409 1356 4475 Β)
1374 4411 1405 4461 B:
1424 4413 1466 4464 λέ-

374 4517 437 4566 γων.
474 4526 509 4537 -
542 4495 783 4565 6)ΰ.1).γοῶν.
820 4526 854 4536 -
888 4495 915 4558 7)
937 4494 967 4546 C.
992 4493 1103 4562 πεμπάς.
1138 4524 1171 4534 -
1205 4491 1235 4557 8)
1253 4497 1284 4547 B.
1304 4495 1394 4549 ὄντων.
1431 4524 1464 4537 -

372 4583 404 4649 9)
423 4583 452 4642 C,
473 4585 586 4641 ίαυτοίς.
623 4612 655 4622 -
690 4581 738 4647 10)
756 4582 787 4633 Β.
807 4580 854 4648 τίην
870 4577 964 4652 άμερῆ.
