3775 5442
477 672 540 734 2⁰8
789 671 876 731 biber
895 670 1048 731 secundus.
1091 669 1190 731 Saetio
1210 670 1244 730 ΙΙ.

477 853 621 924 tanquam
641 859 661 902 e
681 845 809 924 regione
830 845 912 905 iuter
934 864 969 905 sc
991 845 1134 925 opposita
1156 851 1238 909 sunt.
1291 845 1557 922 Quemadmodum

477 949 558 1012 enim
580 948 669 1008 ideae
690 964 727 1005 ex
749 947 867 1008 11111111
889 947 1024 1007 essentia
1046 949 1199 1022 oriuntur,
1220 946 1265 1007 ita
1286 964 1418 1026 corpore
1446 948 1557 1009 indivi-

478 1054 539 1114 dua
575 1069 612 1113 ex
644 1049 792 1110 materiae
827 1051 966 1111 infinitae
999 1051 1082 1112 mole
1117 1051 1283 1130 prodeunt.
1349 1050 1559 1113 Veruntamen

475 1156 640 1217 mammam
667 1170 777 1214 eorum
805 1153 969 1215 discrimen
996 1154 1058 1215 boc
1078 1159 1145 1228 est,
1168 1153 1251 1232 qnod
1274 1154 1411 1233 pendent
1432 1171 1469 1213 ea
1490 1161 1559 1215 tota

476 1278 515 1321 ex
535 1258 616 1342 idols
637 1256 703 1317 sive
723 1256 910 1331 notionibus,
933 1257 1000 1318 sina
1025 1276 1153 1337 quarum
1174 1258 1204 1317 ri
1227 1274 1279 1319 res
1300 1262 1558 1338 3111111111-

476 1381 567 1442 quam
588 1359 721 1421 inissent
741 1361 904 1421 extiturae.
937 1361 1059 1440 Quippe
1079 1377 1131 1420 res
1152 1358 1328 1427 individuae
1349 1360 1462 1422 mentis
1484 1361 1557 1423 snb-

454 1461 576 1526 vlectae
596 1467 669 1525 sunt
689 1462 878 1537 notionibus,
900 1461 944 1522 ito
967 1470 1001 1522 ut
1019 1479 1077 1542 pro
1099 1461 1210 1523 barum
1223 1464 1345 1524 ratione
1369 1464 1461 1524 etlam
1482 1463 1557 1525 illae

475 1573 671 1648 comparatae
693 1566 764 1629 sint,
807 1564 915 1627 Veluti
937 1583 1031 1643 anrm
1054 1566 1208 1627 mantiae
1229 1567 1273 1627 rie
1296 1565 1344 1626 vel
1365 1565 1486 1629 infinita
1507 1567 1557 1628 vel

475 1671 562 1732 linita
575 1670 675 1750 poenit
696 1685 777 1744 ease,
800 1667 1014 1748 atqnesiendo
1027 1669 1210 1749 abnegando
1225 1668 1434 1744 determinari,
1454 1675 1556 1731 totum

362 1842 365 1847 ,
475 1773 536 1836 boc
556 1778 605 1835 est
627 1770 790 1846 eiusmodi,
813 1778 848 1834 ut
869 1772 962 1834 etiam
984 1772 1016 1831 in
1038 1789 1203 1851 corporum
1224 1772 1308 1832 mole
1329 1777 1362 1833 et
1383 1767 1555 1834 11111111-

474 1877 634 1956 grdaribns
656 1874 824 1935 maximam¹
839 1877 900 1936 1111
922 1880 1073 1935 exerceat.
1117 1879 1220 1953 Atque
1241 1892 1279 1934 ax
1300 1875 1350 1936 bis
1369 1873 1446 1954 ipsis
1468 1871 1554 1937 idea·

424 2020 427 2025 -
474 1998 544 2041 rum
565 1977 737 2040 rationibus
765 1983 799 2037 et
824 1995 894 2037 cum
917 1977 1033 2037 mundo
1058 1975 1259 2055 adspectabili
1287 1977 1555 2040 coniunctionibus

475 2081 677 2142 1111111111
704 2079 891 2159 cognitionis
917 2096 1050 2158 genere,
1083 2081 1244 2155 scientiae,
1279 2079 1448 2158 opinionis,
1483 2098 1554 2161 per-

474 2182 642 2263 ceptionis,
670 2180 841 2260 repetenda
867 2190 961 2260 atque
986 2183 1150 2244 iudicanda
1175 2188 1255 2243 sunt.
1320 2181 1429 2242 Omnia
1450 2188 1555 2244 autem

473 2286 534 2348 ista
555 2285 713 2347 subtiliter
741 2285 904 2365 exquirere
931 2291 964 2346 et
992 2285 1098 2364 quales
1126 2285 1188 2347 sint
1209 2287 1348 2347 idearum
1369 2285 1555 2366 multiplices

473 2386 706 2450 coniunctiones
732 2394 765 2450 et
789 2389 943 2462 rationes,
971 2389 1132 2468 qualisque
1162 2407 1265 2449 rernm
1294 2388 1368 2449 inde
1388 2406 1554 2469 suspensa-

473 2511 543 2553 rum
571 2489 729 2567 condida,
757 2491 790 2553 id
817 2510 892 2554 vero
915 2491 1229 2569 dialecticesmunus
1252 2497 1315 2565 est,
1338 2493 1453 2573 quippe
1474 2512 1554 2573 qnae

473 2612 536 2656 uon
563 2581 683 2655 fiotum
709 2594 742 2656 ln
770 2595 920 2658 nimandin
953 2604 1094 2658 veremur
1120 2595 1233 2657 mentis
1265 2595 1460 2671 notionibus,
1495 2599 1554 2661 aad

473 2698 566 2759 11111
587 2697 621 2758 id
642 2696 738 2758 babet
758 2699 972 2778 propositum,
995 2707 1030 2761 nt
1050 2699 1100 2774 id,
1123 2700 1206 2779 quod
1228 2718 1300 2762 rere
1322 2705 1385 2775 est,
1407 2700 1493 2762 omni
1515 2719 1551 2762 ex

473 2808 563 2882 parte
584 2801 764 2880 exploretur
784 2808 876 2881 atque
898 2808 1112 2885 cognoscatur.

557 2904 642 2966 Haec
663 2903 761 2983 igitur
782 2912 831 2967 est
852 2925 971 2968 srrmma
993 2925 1110 2978 eorum,
1144 2904 1273 2983 quaein
1296 2904 1479 2972 Por-cnido
1500 2928 1552 2972 ex·

471 3008 587 3089 plicata
607 3013 640 3066 et
661 3007 816 3068 illustrata
837 3016 918 3072 munt.
953 3010 1039 3088 Quae
1060 3011 1086 3070 si
1108 3008 1255 3082 tenueris,
1276 3008 1418 3087 proiecto
1438 3013 1551 3075 mirram

472 3110 638 3180 videbitur,
659 3110 741 3186 qarod
764 3112 881 3172 tamdiu
898 3110 1090 3189 multumque
1111 3110 1285 3172 dubitatum
1306 3119 1365 3187 est,
1387 3114 1461 3192 quid
1483 3124 1550 3176 tan-

471 3213 543 3272 dem
565 3211 617 3282 sit,
639 3210 722 3287 quod
744 3211 833 3273 Plato
855 3214 914 3274 bac
934 3213 1103 3291 scriptione
1124 3230 1180 3273 sua
1201 3214 1262 3276 sibl
1283 3216 1423 3278 voluerit.
1472 3219 1550 3296 Quoia

471 3320 521 3374 eat
542 3311 623 3372 euim
645 3313 718 3390 quin
740 3314 855 3389 videat,
875 3316 1020 3377 refutatis
1043 3316 1175 3377 aliorum
1192 3318 1388 3398 opinionibus
1410 3318 1550 3401 ldearupr

472 3417 644 3477 doctrinam
665 3417 708 3475 ita
729 3418 889 3494 illustrari,
912 3427 949 3480 nt
970 3437 1021 3480 rea
1043 3419 1136 3481 altius
1158 3427 1319 3502 repetatur
1340 3429 1373 3483 et
1393 3422 1491 3484 veluti
1513 3443 1550 3486 ex

471 3520 586 3582 intimis
612 3519 829 3600 philosophiae
856 3524 1068 3605 penetralibus
1097 3543 1224 3587 caussae
1254 3525 1321 3587 1111
1353 3530 1385 3586 et
1411 3525 1550 3588 rationes

471 3642 579 3688 omues
601 3623 844 3702 depromantur?
889 3629 955 3689 lion
983 3628 1084 3706 ipsum
1114 3629 1212 3707 igitur
1239 3628 1443 3708 pbilosopbns
1464 3628 1549 3690 baud

471 3727 566 3788 dubie
587 3727 744 3806 spectarit,
766 3728 828 3789 boc
848 3749 941 3790 rrnum
965 3731 1095 3790 maxime
1116 3737 1241 3791 seontus
1264 3736 1329 3804 est,
1352 3737 1387 3791 ut
1408 3738 1440 3790 et
1461 3751 1549 3794 suam

470 3830 511 3891 de
531 3829 612 3891 ideis
632 3832 726 3907 atque
747 3847 852 3890 rerum
874 3832 1009 3893 essentia
1037 3839 1069 3894 et
1090 3833 1266 3913 cognitione
1288 3833 1455 3913 explicaret
1476 3853 1548 3896 seu-

470 3932 614 4005 tentiam,
642 3909 675 3991 et
696 3936 841 4010 quantum
863 3952 900 3995 ea
921 3935 958 3994 ab
981 3935 1190 3996 bileatlocrnm
1218 3935 1336 4016 pariter
1356 3940 1448 4015 atque
1470 3937 1548 3999 alio-

469 4055 537 4098 rum
553 4033 820 4116 pbilosophorum,
843 4036 972 4097 maxime
986 4036 1193 4116 physicorum,
1215 4040 1334 4101 ratione
1346 4038 1547 4118 discreparet,

470 4137 613 4199 omnibns
634 4137 735 4218 polam
756 4139 884 4202 iaceret.
932 4141 1003 4202 Etsi
1024 4139 1119 4220 igitur
1140 4142 1254 4222 aliquid
1277 4142 1422 4203 viderunt
1443 4143 1548 4207 Plato·

470 4238 691 4316 1111111111,
719 4243 773 4322 qul
799 4245 832 4305 iu
860 4245 922 4307 boo
950 4245 1030 4307 libro
1057 4249 1203 4324 putarunt
1230 4245 1369 4307 idearum
1396 4266 1465 4307 cnm
1486 4246 1559 4311 boo'

469 4340 844 4431 compunccionem
867 4348 1027 4441 urorum,
1049 4354 1151 4410 umen
1173 4347 1227 4410 nd
1248 4349 1398 4429 quaqua
1420 4351 1496 4412 uon
1514 4332 1554 4412 ni

469 4442 606 4506 medium
635 4447 821 4524 attuleruut,
856 4469 965 4513 rursus
991 4452 1117 4513 somniis
1146 4451 1284 4531 mysticis
1313 4461 1407 4532 atque
1433 4454 1547 4515 delira·

470 4546 581 4607 meutis
607 4549 673 4611 ania
703 4549 902 4615 obinrmarnnt
929 4555 1117 4628 miserrime,
1149 4562 1184 4615 nt
1212 4558 1316 4618 rectae
1336 4557 1409 4617 libri
1431 4555 1546 4618 iutelli-

469 4648 593 4729 gaudae
615 4652 712 4734 111511
734 4653 871 4716 obtusae
892 4674 982 4735 quam
1005 4655 1159 4737 proiuisse
1181 4646 1337 4721 iudl'o'aadl
1359 4659 1430 4724 aiot
1474 4661 1544 4724 Non
