3775 5442
475 646 517 704 80
797 639 882 700 liber
904 640 1022 718 primur.
1063 637 1164 699 Sectio
1187 636 1234 700 lv,
1322 630 1328 665 ¹

477 811 685 892 explicandam
699 809 734 889 *)
756 810 980 882 traalmiaaent3
1016 811 1105 872 Plato
1130 815 1295 890 perspecta
1316 807 1408 868 harlua
1430 812 1555 868 oenten-

475 917 538 976 tiae
564 913 753 996 praestantia
779 914 908 975 canalem
935 915 1089 975 rationem
1115 915 1148 974 in
1170 930 1256 973 auam
1278 911 1397 989 recepit
1418 908 1556 988 ‹liecipll-

476 1025 546 1080 nam
573 1019 715 1097 eiusque·
729 1034 789 1096 ope
816 1016 1013 1096 graviaumoa
1041 1017 1260 1097 philosophiae
1291 1015 1376 1075 locos
1398 1013 1557 1073 illustrare

476 1127 603 1182 conatur
631 1124 689 1181 eat.
740 1120 863 1180 Etenim
890 1121 1011 1182 linitum
1040 1122 1105 1183 aive
1126 1121 1219 1181 ctiam
1240 1118 1351 1178 finiens
1374 1116 1557 1194 (utrumque

476 1223 557 1284 'enlm
583 1204 620 1282 ¹ct
646 1214 688 1284 τὸ
717 1226 964 1306 πεπερασμένον
991 1244 1016 1286 a.
1046 1206 1150 1309 πέρας
1177 1225 1252 1305 ἕχον
1282 1226 1314 1281 et
1335 1211 1375 1281 τὸ
1398 1228 1559 1302 περαῖνον

476 1324 616 1387 eiusdem
643 1331 772 1385 naturae
799 1342 871 1388 erae
897 1328 1008 1405 voluit)
1041 1344 1133 1388 omno
1158 1325 1192 1386 id
1221 1323 1331 1385 statuit
1358 1338 1444 1396 eane,
1474 1321 1558 1401 quod

476 1430 562 1490 certa
583 1428 685 1507 aliqua
707 1427 808 1489 ianne
840 1434 872 1490 ct
893 1429 1043 1508 qualitate
1064 1438 1150 1492 earet
1171 1428 1343 1509 praeditum
1366 1425 1557 1503 eandemque

477 1532 568 1592 ctiam
605 1531 672 1592 allia
706 1532 802 1592 rebam
830 1532 883 1593 illa
918 1533 1094 1593 carentibus
1122 1533 1313 1612 impertiret,
1350 1529 1399 1590 rei
1426 1535 1462 1589 ut
1490 1529 1557 1608 ipre

475 1622 595 1698 i'lrileb.
618 1632 718 1735 11:25.
740 1634 776 1697 l).
804 1633 895 1709 dicit,
925 1629 1038 1713 ὁπόση
1061 1628 1161 1722 μύσος
1189 1627 1285 1696 παύει
1314 1622 1398 1714 πρὸς
1427 1623 1557 1707 ἄλληλα

476 1735 642 1801 τάναντία
658 1730 842 1825 clauoque
871 1738 1006 1819 ἔχοντα,
1040 1733 1210 1818 σύμμετρα
1238 1733 1272 1797 δὲ
1310 1733 1366 1795 καὶ
1394 1727 1556 1821 σύμφωνα

477 1840 617 1903 ἐνθεῖσα
645 1833 801 1921 ἀριθμὸν
831 1833 1062 1920 ἀπεργάζεται.
1106 1839 1229 1899 lnlinito
1251 1842 1355 1898 autern
1376 1854 1557 1897 annumera-

475 1924 733 2018 itt31'1tuilem
756 1960 786 2020 p.
800 1940 851 2004 25.
864 1941 897 2003 0.
921 1941 981 2017 ait,
1005 1936 1114 2005 ὁπόσα
1142 1926 1202 2018 τῆς
1229 1933 1269 2002 τὸ
1291 1936 1421 2021 μᾶλλόν
1442 1963 1478 2004 τε
1500 1942 1557 2004 καὶ

475 2035 580 2124 ἦττον
601 2040 778 2125 δεχομένης
799 2044 980 2126 τεθειμένα
1001 2046 1045 2117 εἰς
1067 2044 1102 2106 ἓν
1124 2037 1269 2128 φύσεως,
1290 2043 1436 2118 licceat,
1467 2044 1558 2123 quil-

476 2147 552 2227 qniri
580 2150 665 2208 ceria
693 2166 729 2207 ac
756 2147 877 2228 legibue
906 2146 1030 2207 definita
1059 2145 1160 2206 iorma
1187 2153 1220 2206 et
1240 2147 1363 2209 ratione
1382 2153 1503 2208 careret
1523 2152 1558 2207 et

476 2249 573 2311 veluti
599 2251 758 2310 materiam
786 2236 928 2312 eilieeret
956 2250 1023 2310 alne
1048 2251 1113 2311 ulla
1133 2250 1254 2328 specie,
1286 2256 1379 2330 atque
1401 2255 1557 2311 carentem

477 2353 561 2413 omni
582 2352 747 2432 qualitate,
769 2372 847 2434 quae
868 2357 934 2414 lota
957 2352 1059 2413 omnia
1080 2352 1219 2433 accipere
1234 2361 1342 2433 posset
1355 2354 1558 2431 omnllruaque

476 2438 577 2516 morlia
598 2456 727 2533 mutari,
750 2464 844 2537 atque
865 2457 949 2517 omni
970 2455 1132 2536 parte**).
1175 2457 1282 2536 ltaque
1298 2461 1437 2517 naturam
1453 2453 1559 2516 dia-lut

476 2544 511 2618 ln'
529 2576 581 2619 rea
603 2556 696 2633 duae,
730 2576 768 2620 ex
798 2560 913 2640 quibua
932 2559 1030 2620 altera
1051 2563 1136 2622 erret
1156 2558 1312 2632 eliciens,
1335 2559 1433 2620 altera
1455 2562 1558 2617 nartem

477 2662 563 2739 quari
593 2644 665 2722 ionic
691 2644 729 2723 ae
749 2644 919 2742 praebens,
954 2682 990 2723 ex
1012 2680 1071 2741 qua
1092 2660 1208 2741 ailquid
1230 2661 1419 2721 efficeretur.
1462 2652 1497 2720 ln
1518 2678 1557 2720 eo

477 2750 597 2837 atatem,
619 2763 704 2842 quod
726 2765 884 2840 eiilc'ere't,
906 2766 966 2826 rim
989 2783 1058 2827 aare
1076 2765 1212 2838 censult3
1233 2765 1265 2825 in
1279 2784 1317 2826 eo
1331 2768 1449 2837 contra,
1472 2761 1558 2841 quod

476 2864 670 2940 cillceretur,
693 2869 853 2929 materiam
875 2869 1043 2949 quantiam:
1070 2870 1102 2931 in
1119 2872 1252 2946 utroque
1266 2872 1557 2944 tamenutrnmque‚

477 2968 620 3045 quoniam
648 2973 776 3032 materia
805 2974 872 3052 ipaa
899 2990 961 3034 uon
983 2972 1139 3052 potulaaet
1160 2971 1346 3044 cohaerere,
1375 2970 1402 3031 ei
1423 2970 1508 3031 nulia
1529 2970 1558 3031 el

476 3070 704 3146 contineretur,
738 3093 839 3152 neque
866 3078 912 3137 ria
940 3076 1042 3154 aliqua
1068 3092 1139 3136 erae
1167 3075 1235 3135 eine
1263 3073 1402 3134 materia.
1450 3073 1558 3150 ltaque

476 3168 603 3233 tertium
633 3175 724 3234 etiam
752 3177 856 3254 posuit
883 3196 981 3257 genua
1004 3194 1041 3237 ex
1062 3182 1195 3255 utroque
1217 3176 1343 3237 mixtum
1365 3182 1458 3255 atque
1479 3181 1558 3234 tenr-

477 3279 634 3352 peratum,
658 3277 741 3353 quod
763 3279 921 3356 praeclara
939 3279 1064 3358 quaevis
1083 3286 1116 3340 et
1133 3278 1273 3359 perlecta
1290 3281 1320 3340 in
1334 3296 1437 3340 rerum
1449 3283 1559 3338 natura

477 3377 754 3454 complecteretur,
782 3381 912 3461 dequo
935 3383 1062 3444 (licuerit
1084 3383 1203 3444 Phileb.
1226 3402 1256 3462 p.
1270 3382 1373 3443 wli.
1417 3380 1559 3458 lienique

477 3487 619 3555 quartum
648 3499 744 3560 genua
774 3502 900 3544 maroaac
921 3485 1027 3564 poarrlt
1053 3485 1117 3546 aive
1138 3478 1179 3548 τὸ
1203 3481 1327 3561 αἴτιον,
1355 3483 1439 3563 qnod
1460 3483 1559 3547 voluit

476 3598 587 3658 regere
615 3589 647 3642 et
673 3585 828 3647 moderari
857 3607 940 3663 eam,
975 3574 1055 3668 qnae
1081 3591 1114 3649 in
1140 3589 1228 3650 linito
1258 3594 1290 3648 et
1310 3588 1432 3647 infinito
1455 3586 1556 3647 locum

476 3682 623 3758 ualeret,
646 3690 902 3755 commixtionem.
946 3693 1077 3754 Omnem
1101 3695 1181 3755 enim
1205 3694 1365 3770 utriusque
1391 3690 1483 3749 huius
1505 3705 1559 3747 na-

439 3806 447 3833 s·
476 3792 566 3846 turae
588 3791 835 3852 coniunctionem
857 3798 978 3859 cenauit
1003 3798 1073 3858 lieri
1096 3803 1243 3875 oportere
1266 3792 1435 3867 sectandum
1457 3798 1558 3851 certae

476 3890 625 3966 quaedam
658 3893 744 3973 iegea
772 3914 807 3954 ac
834 3900 965 3977 saplenti
994 3900 1140 3972 coneilio,
1170 3896 1254 3976 quod
1276 3897 1377 3976 ipeum
1405 3895 1468 3956 tale
1496 3899 1556 3966 eat,

476 3995 512 4050 ut
541 3993 609 4053 aine
635 4013 741 4058 causan
771 3999 840 4059 lieri
868 4001 1069 4063 nullomodo
1097 4001 1206 4081 poealt.
1261 4000 1308 4062 lie
1336 4018 1395 4079 qua
1414 4015 1450 4058 re
1471 3996 1557 4075 legar

543 4264 572 4329 *)
590 4265 834 4322 Demonatrairimae
846 4270 896 4322 lroc
909 4271 962 4322 aiio
974 4277 1089 4340 tompore
1100 4275 1229 4340 peculiari
1241 4272 1427 4341 disputatione.

527 4346 571 4415 Ι**)
590 4348 862 4404 (ἶοοιεοῑίῑοοῐνίειιιιι
877 4355 1076 4407 Brundisium.
1096 4342 1253 4409 illemval.
1271 4357 1304 4406 ll.
1329 4358 1358 4406 P.
1373 4357 1418 4406 lv.
1444 4376 1470 4425 p.
1487 4354 1554 4408 ΜΟ.

476 4413 554 4471 „Der
569 4419 708 4472 Aarrdruelr
724 4421 828 4491 ἄπειρον
845 4422 991 4473 bezeichnet
1001 4441 1069 4494 qam
1085 4428 1120 4475 r'm
1136 4426 1209 4475 alten
1222 4426 1306 4475 Sinna
1318 4423 1362 4474 dea
1381 4426 1492 4476 Wortcr
1506 4424 1558 4476 dere

476 4482 586 4552 Meaqri
603 4488 673 4536 aller
689 4489 864 4558 qualitatium
881 4488 939 4539 und
955 4495 1127 4560 qrrauta'tnoen
1147 4492 1350 4549 Beartmmrlutu
1369 4492 1557 4565 nrsprrinqlr'eir

476 4558 519 4597 aar
535 4553 700 4625 aloffarn'qea
723 4555 876 4625 Urqrrrnde,
900 4557 1051 4611 demrauelsr
1068 4561 1136 4611 araci
1162 4580 1198 4611 nn
1218 4560 1267 4610 rien
1290 4563 1463 4631 percurrit-nen
1489 4562 1555 4613 nta-

474 4633 526 4683 qen
538 4627 615 4669 elc.“
651 4625 708 4674 Alia
726 4627 865 4693 rcrlprcrat
883 4626 921 4677 vir
937 4627 1033 4680 doctae
1050 4629 1113 4680 ilia.
1129 4629 1191 4681 Vol.
1207 4628 1240 4680 li.
1260 4628 1289 4677 l‘.
1306 4628 1337 4679 ll.
1357 4630 1456 4698 plia'rl.
