3775 5442
462 660 527 723 80⁰
794 661 880 722 hiber
900 667 1013 723 tertius.
1056 664 1155 724 Sectis
1179 664 1212 721 ll.

463 834 549 895 illum
579 834 619 896 de
644 833 780 916 Repuhl.
808 834 873 897 vlt.
908 854 938 915 p.
967 833 1092 900 butu.
1110 854 1176 915 sqq.
1205 835 1259 895 ubi
1293 833 1333 895 de
1366 835 1547 897 dialectices

463 937 613 1016 dignitate
650 957 685 1000 sc
719 939 908 1019 praestantia
942 938 1043 999 divina
1076 937 1225 999 orationis
1260 937 1410 1000 suavitate
1450 938 1548 1019 expli-

465 1047 563 1105 calcu.

549 1144 611 1206 Sed
633 1145 713 1206 haec
734 1144 810 1207 satis
832 1151 923 1206 sunto
946 1145 987 1205 dc
1008 1144 1211 1221 Parmenidis,
1234 1143 1370 1206 Socratis
1394 1162 1429 1203 ac
1443 1142 1547 1203 Zeno-

461 1246 512 1311 nis
533 1247 686 1332 personis,
709 1267 784 1328 quas
805 1246 937 1308 vidimus
960 1250 990 1308 in
1012 1248 1073 1309 hoc
1094 1249 1175 1310 libro
1197 1248 1242 1308 ita
1260 1251 1452 1326 comparatas
1466 1263 1547 1319 esse,

463 1358 499 1413 ut
521 1352 622 1414 omnia
650 1351 689 1411 ad
715 1369 867 1412 strmmum
894 1351 1073 1432 scriptionis
1095 1352 1189 1411 linem
1211 1351 1371 1431 praeclare
1394 1354 1548 1429 attempe-

463 1460 530 1517 rats
553 1452 624 1518 siut.
668 1453 826 1534 Sequitur,
855 1459 889 1514 ut
911 1453 952 1514 de
973 1455 1093 1533 reliquo
1116 1455 1268 1514 sermonis
1291 1460 1403 1513 ornatu
1426 1451 1548 1512 drama-

461 1555 526 1617 tico
550 1555 713 1618 dicendum
735 1557 787 1619 ait.
811 1557 934 1638 Quippe
956 1557 1057 1618 omnis
1079 1564 1151 1619 sunt
1173 1540 1329 1629 tenianda,
1352 1561 1387 1617 ut
1409 1575 1449 1616 nc
1472 1554 1546 1634 quid

464 1659 563 1720 malae
584 1660 767 1738 suspicionis
791 1660 830 1721 da
852 1660 973 1722 exordii
996 1662 1146 1742 elegantia
1169 1659 1370 1738 relinquatur.
1400 1657 1548 1737 Alioquin

463 1761 583 1823 seilicet
610 1762 775 1824 verendum
803 1763 881 1837 erit,
910 1782 951 1824 ne
979 1763 1101 1826 Platoni
1129 1763 1211 1823 hunc
1239 1762 1352 1822 librum
1380 1760 1547 1824 temerario

463 1865 594 1927 consilio
623 1864 770 1927 tribuisse
796 1865 966 1926 videamur.
1021 1865 1287 1945 Quemadmodum
1323 1883 1396 1926 vero
1424 1884 1475 1938 ea,
1506 1865 1548 1925 de
1601 1946 1604 1953 Ι

464 1969 577 2050 quibua
613 1969 714 2031 adbuc
741 1971 956 2048 exposuimus,
994 1989 1052 2049 pro
1080 1971 1176 2033 totius
1205 1969 1381 2050 scriptionis
1414 1967 1547 2030 consilio
1604 2046 1610 2057 .

461 2063 589 2154 egregie
609 2072 742 2134 vidimus
762 2070 906 2134 instituta
927 2089 1007 2146 csse,
1036 2074 1081 2136 ita
1102 2073 1194 2134 etiam
1217 2073 1292 2148 alim
1316 2091 1396 2151 quse
1417 2074 1456 2134 ad
1478 2090 1547 2134 ace-

465 2175 567 2236 uicum
591 2183 769 2256 apparatum
793 2177 961 2256 pertinent,
984 2178 1027 2237 ita
1049 2178 1198 2238 adornata
1219 2194 1289 2236 esse
1307 2169 1397 2236 nobis
1418 2192 1547 2256 persua-

463 2280 577 2355 simus,
608 2288 642 2340 ut
669 2280 753 2339 nulia
775 2279 805 2342 ln
827 2286 916 2359 parte
939 2281 1091 2342 Platonici
1120 2280 1235 2360 ingenii
1257 2279 1399 2339 sollertia
1421 2279 1545 2342 deside-

462 2388 560 2448 retur.
605 2384 759 2462 Quorsum
784 2384 920 2463 pertinet
941 2383 1036 2455 illud,
1066 2382 1148 2460 quod
1171 2383 1268 2456 Zeno,
1290 2379 1491 2442 Parmenides
1513 2388 1547 2442 et

462 2485 651 2547 Aristoteles
676 2486 721 2548 ita
748 2466 1182 2565 loquentes'introdncuntur,
1206 2492 1241 2547 ut
1263 2491 1331 2546 tnta
1352 2502 1458 2544 eorum
1482 2485 1547 2547 dis·

462 2590 583 2669 putatio
610 2590 743 2671 primum
771 2608 789 2649 a
815 2586 999 2668 Pythodoro
1027 2606 1084 2667 per
1105 2588 1328 2669 Antiphantem
1355 2595 1481 2668 accepta
1510 2608 1547 2650 ac

462 2692 577 2754 tunde
612 2711 630 2753 a
659 2691 797 2773 Cephalo
833 2709 902 2752 cuns
936 2691 1004 2753 aliis
1038 2691 1261 2752 communicata
1293 2710 1363 2754 esse
1398 2694 1544 2774 tingatur.

463 2796 554 2876 Quod
577 2797 646 2877 quis
668 2803 717 2857 eat
739 2796 812 2875 quin
834 2794 939 2856 videat
961 2794 1088 2876 egregie
1110 2813 1179 2855 cum
1200 2811 1238 2854 eo
1262 2796 1436 2869 convenire,
1461 2796 1545 2876 quod

463 2902 608 2963 Socrates
631 2907 773 2961 narratur
795 2899 961 2960 admodum
984 2897 1232 2959 adolescentulus
1245 2896 1459 2959 Parmenidem
1483 2899 1547 2960 dis-

463 3011 617 3065 serentem
641 3002 819 3064 audlvisse?
857 3001 1028 3062 Fatendum
1051 3008 1100 3062 est
1121 3008 1234 3073 tamen,
1256 3000 1373 3062 leviora
1395 3003 1545 3082 quaedam

462 3105 524 3168 hoc
552 3106 583 3164 lu
622 3122 738 3183 genere
773 3122 955 3183 superesse,
993 3105 1034 3165 de
1068 3104 1180 3184 quibus
1214 3103 1353 3166 nonrtibil
1388 3107 1545 3186 ambigas,

463 3225 609 3288 quorsum
639 3205 776 3283 pertinet
803 3205 898 3279 iilud,
934 3204 1019 3286 quod
1046 3205 1241 3285 potissimum
1269 3206 1423 3288 Cephalus
1451 3217 1545 3288 atqua

461 3309 656 3384 Adimantus,
678 3308 796 3369 Glauco
819 3314 852 3368 et
872 3308 1029 3388 Antiphon
1051 3318 1339 3374 commemorantur.
1383 3311 1446 3373 Sed
1468 3313 1546 3373 baec

462 3411 721 3494 quemadmodum
745 3430 807 3472 non
830 3413 933 3492 magui
954 3414 1101 3473 momenti
1123 3418 1205 3489 surra,
1227 3414 1272 3475 ita
1293 3415 1469 3494 neutiquam
1488 3414 1545 3475 du-

461 3516 612 3590 bitamus,
640 3517 714 3596 quin
734 3516 859 3578 facilem
881 3517 1025 3581 habitura
1046 3522 1152 3578 essent
1172 3518 1425 3599 explicationem,
1454 3517 1482 3580 si
1503 3518 1546 3579 de

461 3619 588 3681 iliorum
614 3619 774 3680 hominum
802 3621 942 3682 moribus
971 3627 1003 3682 et
1024 3624 1304 3685 necessitudinibus
1333 3623 1447 3684 certius
1471 3642 1545 3683 con-

460 3730 570 3787 staret.
614 3722 706 3805 Quod
733 3742 814 3785 nunc
841 3724 933 3786 aliter
960 3743 1031 3786 sesa
1056 3727 1161 3788 babet.
1212 3725 1288 3785 Nam
1311 3726 1466 3804 Cephalus
1489 3726 1545 3786 iile

460 3814 598 3890 dubitari
624 3829 730 3909 potest
756 3845 827 3886 uum
854 3828 938 3888 idem
968 3829 1024 3902 sit,
1058 3831 1110 3908 qui
1138 3830 1169 3890 ln
1200 3828 1288 3890 libris
1311 3828 1352 3889 dc
1372 3827 1547 3906 Republica

460 3931 641 4011 colloquens
662 3928 886 4005 introducitur,
915 3937 1005 4009 pater
1026 3930 1136 4011 Lysiae
1159 3932 1302 3993 oratoris.
1354 3933 1545 4010 Quamquam

461 4050 531 4095 rasa
565 4033 720 4096 sentenlla
755 4024 822 4094 hoc'
851 4033 975 4114 quidem
1005 4035 1044 4095 ad
1080 4035 1231 4115 liquidum
1265 4034 1394 4114 perduci
1428 4041 1545 4114 potest.

460 4134 584 4199 hiantia
605 4154 668 4198 non
689 4136 931 4219 syracusanum,
961 4137 1017 4198 aed
1040 4139 1268 4201 Clazomenium
1298 4138 1449 4218 quendam
1473 4156 1546 4198 esse

460 4236 706 4321 intelligendum,
728 4239 811 4300 hand
834 4241 966 4301 obscure
988 4242 1178 4322 significatur
1190 4242 1259 4323 ipso
1274 4242 1428 4306 sermonis
1444 4241 1546 4302 inltios

461 4333 568 4419 inseris}
599 4348 642 4388 '-
669 4340 811 4406 οἴκοθεν
848 4346 882 4404 ἐκ
909 4341 1132 4426 Κλαζομενῶν
1161 4340 1364 4430 ἀφικόμεθα
1394 4367 1423 4407 κ.
1453 4367 1481 4407 τ.
1512 4344 1544 4409 λ.

460 4444 588 4506 Accedit
610 4446 693 4525 quod
716 4445 872 4524 Cephalus
893 4447 999 4524 paullo
1021 4457 1095 4529 post
1116 4450 1155 4511 de
1177 4449 1382 4511 familiaribus
1399 4455 1432 4510 et
1448 4448 1545 4511 comi-

460 4546 542 4608 tlbru
564 4549 645 4611 suisa
668 4549 744 4624 οἵδε,
767 4549 876 4629 iuquit,
900 4548 1038 4614 πολῖταί
1058 4555 1117 4634 μοι’
1139 4555 1199 4615 aloc
1219 4546 1314 4633 μάλα
1337 4546 1543 4637 priscoque,-

461 4656 494 4709 et
521 4652 605 4730 quod
634 4659 740 4714 narrat
768 4652 991 4735 Antiphontem
1018 4656 1120 4718 adbuc
1146 4654 1244 4721 luisse
1273 4656 1455 4736 puerulum,
1488 4646 1543 4716 ὅτε
