<?xml version="1.0" encoding="UTF-8"?>
<!DOCTYPE html PUBLIC "-//W3C//DTD XHTML 1.0 Transitional//EN"
    "http://www.w3.org/TR/xhtml1/DTD/xhtml1-transitional.dtd">
<html xmlns="http://www.w3.org/1999/xhtml" xml:lang="en" lang="en">
 <head>
  <title>
</title>
<meta http-equiv="Content-Type" content="text/html;charset=utf-8" />
  <meta name='ocr-system' content='tesseract 3.04.00' />
  <meta name='ocr-capabilities' content='ocr_page ocr_carea ocr_par ocr_line ocrx_word'/>
</head>
<body>
  <div class='ocr_page' id='page_1' title='image "./parmenidescumqu00platgoog_0103.png"; bbox 0 0 3775 5442; ppageno 0'>
   <div class='ocr_carea' id='block_1_1' title="bbox 662 647 1422 728">
    <p class='ocr_par' dir='ltr' id='par_1_1' title="bbox 662 647 1422 728">
     <span class='ocr_line' id='line_1_1' title="bbox 662 647 1422 728; baseline 0.005 -21"><span class='ocrx_word' id='word_1_1' title='bbox 662 649 749 709; x_wconf 76' lang='lat' dir='ltr'>Liber</span> <span class='ocrx_word' id='word_1_2' title='bbox 768 651 888 728; x_wconf 73' lang='lat' dir='ltr'>primur.</span> <span class='ocrx_word' id='word_1_3' title='bbox 931 647 1031 709; x_wconf 83' lang='lat' dir='ltr'>Sectio</span> <span class='ocrx_word' id='word_1_4' title='bbox 1052 650 1089 711; x_wconf 85' lang='lat' dir='ltr'>li.</span> <span class='ocrx_word' id='word_1_5' title='bbox 1380 660 1422 721; x_wconf 74' lang='lat'>01</span> 
     </span>
    </p>
   </div>
   <div class='ocr_carea' id='block_1_2' title="bbox 323 812 1424 3905">
    <p class='ocr_par' dir='ltr' id='par_1_2' title="bbox 323 812 1424 3905">
     <span class='ocr_line' id='line_1_2' title="bbox 323 812 1421 906; baseline 0.007 -19"><span class='ocrx_word' id='word_1_6' title='bbox 323 817 529 906; x_wconf 77' lang='grc' dir='ltr'><em>βιαζόμενοι</em></span> <span class='ocrx_word' id='word_1_7' title='bbox 551 812 614 899; x_wconf 69' lang='grc' dir='ltr'>τὴν</span> <span class='ocrx_word' id='word_1_8' title='bbox 635 815 808 900; x_wconf 69' lang='grc' dir='ltr'><em>ἀληθινὴν</em></span> <span class='ocrx_word' id='word_1_9' title='bbox 830 819 949 885; x_wconf 77' lang='grc' dir='ltr'><strong><em>οὐσίαν</em></strong></span> <span class='ocrx_word' id='word_1_10' title='bbox 971 820 1072 887; x_wconf 78' lang='grc' dir='ltr'><em>εἶναι·</em></span> <span class='ocrx_word' id='word_1_11' title='bbox 1101 819 1144 887; x_wconf 78' lang='grc' dir='ltr'>τὰ</span> <span class='ocrx_word' id='word_1_12' title='bbox 1164 825 1199 889; x_wconf 80' lang='grc' dir='ltr'>δὲ</span> <span class='ocrx_word' id='word_1_13' title='bbox 1214 827 1345 893; x_wconf 75' lang='grc' dir='ltr'><strong><em>ἐκείνων</em></strong></span> <span class='ocrx_word' id='word_1_14' title='bbox 1361 827 1421 895; x_wconf 82' lang='grc' dir='ltr'>σοι’·</span> 
     </span>
     <span class='ocr_line' id='line_1_3' title="bbox 323 916 1421 1019; baseline 0.008 -30"><span class='ocrx_word' id='word_1_15' title='bbox 323 948 427 1011; x_wconf 83' lang='grc' dir='ltr'><strong><em>ματα</em></strong></span> <span class='ocrx_word' id='word_1_16' title='bbox 450 926 507 988; x_wconf 78' lang='grc' dir='ltr'>κοί</span> <span class='ocrx_word' id='word_1_17' title='bbox 523 916 585 1001; x_wconf 76' lang='grc' dir='ltr'>τὴν</span> <span class='ocrx_word' id='word_1_18' title='bbox 599 922 777 1005; x_wconf 74' lang='grc' dir='ltr'><em>λεγομένην</em></span> <span class='ocrx_word' id='word_1_19' title='bbox 789 920 848 986; x_wconf 79' lang='grc' dir='ltr'>ὑπ’</span> <span class='ocrx_word' id='word_1_20' title='bbox 862 924 993 989; x_wconf 75' lang='grc' dir='ltr'><strong><em>ἐκείνων</em></strong></span> <span class='ocrx_word' id='word_1_21' title='bbox 1009 923 1181 1005; x_wconf 67' lang='grc' dir='ltr'>ἀλήθειαν</span> <span class='ocrx_word' id='word_1_22' title='bbox 1194 923 1282 992; x_wconf 78' lang='grc' dir='ltr'><em>κατὰ</em></span> <span class='ocrx_word' id='word_1_23' title='bbox 1297 928 1421 1019; x_wconf 77' lang='grc' dir='ltr'><em>σμικρὰ</em></span> 
     </span>
     <span class='ocr_line' id='line_1_4' title="bbox 325 1021 1420 1122; baseline 0.005 -29"><span class='ocrx_word' id='word_1_24' title='bbox 325 1021 588 1112; x_wconf 59' lang='lat' dir='ltr'>duodecimum</span> <span class='ocrx_word' id='word_1_25' title='bbox 611 1030 645 1091; x_wconf 74' lang='grc' dir='ltr'>ἐν</span> <span class='ocrx_word' id='word_1_26' title='bbox 668 1036 739 1100; x_wconf 77' lang='grc' dir='ltr'>τοῖς</span> <span class='ocrx_word' id='word_1_27' title='bbox 761 1021 875 1107; x_wconf 79' lang='grc' dir='ltr'>λόγοις</span> <span class='ocrx_word' id='word_1_28' title='bbox 902 1032 1029 1109; x_wconf 75' lang='grc' dir='ltr'><em>γένεσιν</em></span> <span class='ocrx_word' id='word_1_29' title='bbox 1051 1027 1126 1095; x_wconf 80' lang='grc' dir='ltr'><em>ἀντ’</em></span> <span class='ocrx_word' id='word_1_30' title='bbox 1142 1027 1259 1106; x_wconf 78' lang='grc' dir='ltr'><strong><em>οὐσίας</em></strong></span> <span class='ocrx_word' id='word_1_31' title='bbox 1286 1042 1420 1122; x_wconf 58' lang='lat' dir='ltr'>genout-</span> 
     </span>
     <span class='ocr_line' id='line_1_5' title="bbox 325 1123 1422 1220; baseline 0.009 -25"><span class='ocrx_word' id='word_1_32' title='bbox 325 1154 392 1210; x_wconf 77' lang='grc' dir='ltr'>νην</span> <span class='ocrx_word' id='word_1_33' title='bbox 416 1123 495 1195; x_wconf 80' lang='grc' dir='ltr'><em>τινὰ</em></span> <span class='ocrx_word' id='word_1_34' title='bbox 519 1125 829 1215; x_wconf 72' lang='grc' dir='ltr'>ιιοοςογοριύονσιν.</span> <span class='ocrx_word' id='word_1_35' title='bbox 852 1132 886 1194; x_wconf 82' lang='grc' dir='ltr'>ὲν</span> <span class='ocrx_word' id='word_1_36' title='bbox 907 1134 997 1213; x_wconf 79' lang='grc' dir='ltr'><em>μέσῳ</em></span> <span class='ocrx_word' id='word_1_37' title='bbox 1018 1130 1053 1194; x_wconf 80' lang='grc' dir='ltr'>δὲ</span> <span class='ocrx_word' id='word_1_38' title='bbox 1067 1133 1263 1220; x_wconf 66' lang='lat' dir='ltr'>neglectim</span> <span class='ocrx_word' id='word_1_39' title='bbox 1278 1131 1422 1217; x_wconf 75' lang='grc' dir='ltr'><strong><em>ἄπλετος</em></strong></span> 
     </span>
     <span class='ocr_line' id='line_1_6' title="bbox 327 1228 1424 1322; baseline 0.01 -24"><span class='ocrx_word' id='word_1_40' title='bbox 327 1234 537 1322; x_wconf 73' lang='grc' dir='ltr'><em>ἀμφοτέρων</em></span> <span class='ocrx_word' id='word_1_41' title='bbox 558 1228 649 1316; x_wconf 85' lang='grc' dir='ltr'><em>μιίχη</em></span> <span class='ocrx_word' id='word_1_42' title='bbox 664 1255 716 1306; x_wconf 83' lang='grc' dir='ltr'>τις</span> <span class='ocrx_word' id='word_1_43' title='bbox 733 1229 783 1297; x_wconf 81' lang='grc' dir='ltr'>ἀεὶ</span> <span class='ocrx_word' id='word_1_44' title='bbox 798 1230 997 1311; x_wconf 82' lang='grc' dir='ltr'>ξονέοτηκεν.</span> <span class='ocrx_word' id='word_1_45' title='bbox 1041 1237 1200 1299; x_wconf 73' lang='lat' dir='ltr'>Prioribus</span> <span class='ocrx_word' id='word_1_46' title='bbox 1214 1240 1339 1318; x_wconf 88' lang='lat' dir='ltr'>quidem</span> <span class='ocrx_word' id='word_1_47' title='bbox 1352 1265 1424 1309; x_wconf 83' lang='lat' dir='ltr'>ver-</span> 
     </span>
     <span class='ocr_line' id='line_1_7' title="bbox 328 1335 1423 1428; baseline 0.007 -28"><span class='ocrx_word' id='word_1_48' title='bbox 328 1339 379 1400; x_wconf 82' lang='lat' dir='ltr'>bla</span> <span class='ocrx_word' id='word_1_49' title='bbox 402 1337 596 1417; x_wconf 76' lang='lat' dir='ltr'>Leucippum</span> <span class='ocrx_word' id='word_1_50' title='bbox 622 1355 659 1398; x_wconf 89' lang='lat' dir='ltr'>ac</span> <span class='ocrx_word' id='word_1_51' title='bbox 679 1335 889 1398; x_wconf 77' lang='lat' dir='ltr'>Democritum</span> <span class='ocrx_word' id='word_1_52' title='bbox 919 1337 1057 1418; x_wconf 69' lang='lat' dir='ltr'>itemque</span> <span class='ocrx_word' id='word_1_53' title='bbox 1076 1341 1270 1422; x_wconf 74' lang='lat' dir='ltr'>Aristippum</span> <span class='ocrx_word' id='word_1_54' title='bbox 1291 1348 1423 1428; x_wconf 82' lang='lat' dir='ltr'>eiuaque</span> 
     </span>
     <span class='ocr_line' id='line_1_8' title="bbox 329 1441 1420 1520; baseline 0.011 -17"><span class='ocrx_word' id='word_1_55' title='bbox 329 1444 452 1505; x_wconf 85' lang='lat' dir='ltr'>amicoa</span> <span class='ocrx_word' id='word_1_56' title='bbox 486 1441 655 1520; x_wconf 83' lang='lat' dir='ltr'>aigniflcari</span> <span class='ocrx_word' id='word_1_57' title='bbox 680 1448 767 1502; x_wconf 80' lang='lat' dir='ltr'>recte</span> <span class='ocrx_word' id='word_1_58' title='bbox 797 1441 917 1503; x_wconf 83' lang='lat' dir='ltr'>cenauit</span> <span class='ocrx_word' id='word_1_59' title='bbox 946 1442 1249 1510; x_wconf 82' lang='lat' dir='ltr'>Sclrleiermacherur</span> <span class='ocrx_word' id='word_1_60' title='bbox 1276 1448 1420 1516; x_wconf 85' lang='lat' dir='ltr'>Prooem.</span> 
     </span>
     <span class='ocr_line' id='line_1_9' title="bbox 329 1542 1421 1627; baseline 0.007 -18"><span class='ocrx_word' id='word_1_61' title='bbox 329 1546 474 1627; x_wconf 76' lang='lat' dir='ltr'>Sophlat</span> <span class='ocrx_word' id='word_1_62' title='bbox 501 1563 531 1624; x_wconf 68' lang='lat' dir='ltr'>p„</span> <span class='ocrx_word' id='word_1_63' title='bbox 552 1543 642 1617; x_wconf 71' lang='lat' dir='ltr'>lou,</span> <span class='ocrx_word' id='word_1_64' title='bbox 670 1543 754 1622; x_wconf 87' lang='lat' dir='ltr'>quod</span> <span class='ocrx_word' id='word_1_65' title='bbox 781 1542 862 1605; x_wconf 80' lang='lat' dir='ltr'>idern</span> <span class='ocrx_word' id='word_1_66' title='bbox 893 1546 1036 1606; x_wconf 79' lang='lat' dir='ltr'>convenit</span> <span class='ocrx_word' id='word_1_67' title='bbox 1065 1545 1096 1607; x_wconf 91' lang='lat' dir='ltr'>in</span> <span class='ocrx_word' id='word_1_68' title='bbox 1122 1546 1226 1611; x_wconf 86' lang='lat' dir='ltr'>locarm</span> <span class='ocrx_word' id='word_1_69' title='bbox 1255 1551 1421 1618; x_wconf 85' lang='lat' dir='ltr'>Theaeteti</span> 
     </span>
     <span class='ocr_line' id='line_1_10' title="bbox 330 1646 1419 1732; baseline 0.006 -19"><span class='ocrx_word' id='word_1_70' title='bbox 330 1672 361 1732; x_wconf 76' lang='lat' dir='ltr'>p.</span> <span class='ocrx_word' id='word_1_71' title='bbox 380 1650 456 1713; x_wconf 72' lang='lat'>155.</span> <span class='ocrx_word' id='word_1_72' title='bbox 467 1649 521 1723; x_wconf 63' lang='lat' dir='ltr'>E„</span> <span class='ocrx_word' id='word_1_73' title='bbox 553 1647 593 1707; x_wconf 93' lang='lat' dir='ltr'>de</span> <span class='ocrx_word' id='word_1_74' title='bbox 620 1665 683 1725; x_wconf 87' lang='lat' dir='ltr'>quo</span> <span class='ocrx_word' id='word_1_75' title='bbox 710 1648 740 1709; x_wconf 70' lang='lat' dir='ltr'>i.</span> <span class='ocrx_word' id='word_1_76' title='bbox 762 1646 1067 1709; x_wconf 83' lang='lat' dir='ltr'>Schieiermaclrcrua</span> <span class='ocrx_word' id='word_1_77' title='bbox 1096 1648 1200 1712; x_wconf 85' lang='lat' dir='ltr'>Praei.</span> <span class='ocrx_word' id='word_1_78' title='bbox 1227 1653 1267 1715; x_wconf 88' lang='lat' dir='ltr'>ad</span> <span class='ocrx_word' id='word_1_79' title='bbox 1289 1655 1419 1730; x_wconf 71' lang='lat' dir='ltr'>Theaet.</span> 
     </span>
     <span class='ocr_line' id='line_1_11' title="bbox 330 1751 1420 1837; baseline -0.001 -22"><span class='ocrx_word' id='word_1_80' title='bbox 330 1776 362 1837; x_wconf 76' lang='lat' dir='ltr'>p.</span> <span class='ocrx_word' id='word_1_81' title='bbox 379 1754 454 1817; x_wconf 75' lang='lat'>18³.</span> <span class='ocrx_word' id='word_1_82' title='bbox 499 1752 563 1815; x_wconf 79' lang='lat' dir='ltr'>Sed</span> <span class='ocrx_word' id='word_1_83' title='bbox 584 1752 707 1831; x_wconf 85' lang='lat' dir='ltr'>quinam</span> <span class='ocrx_word' id='word_1_84' title='bbox 730 1751 793 1813; x_wconf 80' lang='lat' dir='ltr'>rint</span> <span class='ocrx_word' id='word_1_85' title='bbox 814 1752 866 1813; x_wconf 88' lang='lat' dir='ltr'>iati</span> <span class='ocrx_word' id='word_1_86' title='bbox 888 1752 1028 1814; x_wconf 83' lang='lat' dir='ltr'>idearum</span> <span class='ocrx_word' id='word_1_87' title='bbox 1049 1752 1189 1831; x_wconf 85' lang='lat' dir='ltr'>patroni,</span> <span class='ocrx_word' id='word_1_88' title='bbox 1213 1778 1344 1837; x_wconf 83' lang='lat' dir='ltr'>quorum</span> <span class='ocrx_word' id='word_1_89' title='bbox 1366 1762 1420 1824; x_wconf 69' lang='lat' dir='ltr'>de.</span> 
     </span>
     <span class='ocr_line' id='line_1_12' title="bbox 333 1854 1421 1943; baseline 0.004 -22"><span class='ocrx_word' id='word_1_90' title='bbox 333 1858 409 1921; x_wconf 89' lang='lat' dir='ltr'>iade</span> <span class='ocrx_word' id='word_1_91' title='bbox 439 1855 559 1918; x_wconf 90' lang='lat' dir='ltr'>mentio</span> <span class='ocrx_word' id='word_1_92' title='bbox 586 1855 668 1916; x_wconf 85' lang='lat' dir='ltr'>lacta</span> <span class='ocrx_word' id='word_1_93' title='bbox 695 1860 760 1930; x_wconf 80' lang='lat' dir='ltr'>cat,</span> <span class='ocrx_word' id='word_1_94' title='bbox 790 1854 821 1916; x_wconf 91' lang='lat' dir='ltr'>id</span> <span class='ocrx_word' id='word_1_95' title='bbox 844 1856 970 1935; x_wconf 88' lang='lat' dir='ltr'>quidem</span> <span class='ocrx_word' id='word_1_96' title='bbox 992 1856 1083 1917; x_wconf 74' lang='lat' dir='ltr'>vaide</span> <span class='ocrx_word' id='word_1_97' title='bbox 1105 1857 1235 1921; x_wconf 87' lang='lat' dir='ltr'>dubium</span> <span class='ocrx_word' id='word_1_98' title='bbox 1258 1868 1307 1923; x_wconf 86' lang='lat' dir='ltr'>eat</span> <span class='ocrx_word' id='word_1_99' title='bbox 1328 1870 1421 1943; x_wconf 88' lang='lat' dir='ltr'>atque</span> 
     </span>
     <span class='ocr_line' id='line_1_13' title="bbox 332 1957 1420 2047; baseline 0.006 -24"><span class='ocrx_word' id='word_1_100' title='bbox 332 1967 578 2023; x_wconf 79' lang='lat' dir='ltr'>coutroveraum.</span> <span class='ocrx_word' id='word_1_101' title='bbox 623 1959 725 2038; x_wconf 80' lang='lat' dir='ltr'>iprum</span> <span class='ocrx_word' id='word_1_102' title='bbox 746 1957 906 2019; x_wconf 87' lang='lat' dir='ltr'>Platonem</span> <span class='ocrx_word' id='word_1_103' title='bbox 921 1977 984 2019; x_wconf 93' lang='lat' dir='ltr'>non</span> <span class='ocrx_word' id='word_1_104' title='bbox 1002 1977 1072 2020; x_wconf 83' lang='lat' dir='ltr'>eoae</span> <span class='ocrx_word' id='word_1_105' title='bbox 1090 1962 1343 2043; x_wconf 87' lang='lat' dir='ltr'>intelligendum,</span> <span class='ocrx_word' id='word_1_106' title='bbox 1368 1968 1420 2047; x_wconf 88' lang='lat' dir='ltr'>qui</span> 
     </span>
     <span class='ocr_line' id='line_1_14' title="bbox 334 2062 1421 2140; baseline 0.006 -15"><span class='ocrx_word' id='word_1_107' title='bbox 334 2064 470 2126; x_wconf 82' lang='lat' dir='ltr'>unirerai</span> <span class='ocrx_word' id='word_1_108' title='bbox 497 2062 560 2124; x_wconf 88' lang='lat' dir='ltr'>loci</span> <span class='ocrx_word' id='word_1_109' title='bbox 588 2062 771 2123; x_wconf 85' lang='lat' dir='ltr'>acntentiam</span> <span class='ocrx_word' id='word_1_110' title='bbox 799 2070 942 2125; x_wconf 87' lang='lat' dir='ltr'>accurate</span> <span class='ocrx_word' id='word_1_111' title='bbox 972 2064 1224 2140; x_wconf 72' lang='lat' dir='ltr'>examinaverint,</span> <span class='ocrx_word' id='word_1_112' title='bbox 1259 2069 1421 2132; x_wconf 76' lang='lat' dir='ltr'>nobiscum</span> 
     </span>
     <span class='ocr_line' id='line_1_15' title="bbox 334 2165 1420 2250; baseline 0.001 -19"><span class='ocrx_word' id='word_1_113' title='bbox 334 2188 391 2250; x_wconf 81' lang='lat' dir='ltr'>pro</span> <span class='ocrx_word' id='word_1_114' title='bbox 420 2173 508 2229; x_wconf 88' lang='lat' dir='ltr'>certo</span> <span class='ocrx_word' id='word_1_115' title='bbox 537 2171 571 2226; x_wconf 90' lang='lat' dir='ltr'>et</span> <span class='ocrx_word' id='word_1_116' title='bbox 599 2165 759 2244; x_wconf 82' lang='lat' dir='ltr'>explorato</span> <span class='ocrx_word' id='word_1_117' title='bbox 781 2166 950 2228; x_wconf 81' lang='lat' dir='ltr'>habebunt.</span> <span class='ocrx_word' id='word_1_118' title='bbox 995 2169 1149 2245; x_wconf 75' lang='lat' dir='ltr'>Quocirca</span> <span class='ocrx_word' id='word_1_119' title='bbox 1172 2167 1249 2230; x_wconf 88' lang='lat' dir='ltr'>nihil</span> <span class='ocrx_word' id='word_1_120' title='bbox 1271 2170 1420 2248; x_wconf 82' lang='lat' dir='ltr'>relinqui-</span> 
     </span>
     <span class='ocr_line' id='line_1_16' title="bbox 331 2267 1419 2352; baseline 0.001 -18"><span class='ocrx_word' id='word_1_121' title='bbox 331 2283 401 2346; x_wconf 86' lang='lat' dir='ltr'>tur,</span> <span class='ocrx_word' id='word_1_122' title='bbox 431 2273 491 2333; x_wconf 83' lang='lat' dir='ltr'>nui</span> <span class='ocrx_word' id='word_1_123' title='bbox 518 2275 555 2330; x_wconf 91' lang='lat' dir='ltr'>ut</span> <span class='ocrx_word' id='word_1_124' title='bbox 581 2267 858 2330; x_wconf 84' lang='lat' dir='ltr'>Schieiermaclreri</span> <span class='ocrx_word' id='word_1_125' title='bbox 886 2271 1072 2332; x_wconf 73' lang='lat' dir='ltr'>sententiam</span> <span class='ocrx_word' id='word_1_126' title='bbox 1100 2273 1338 2352; x_wconf 72' lang='lat' dir='ltr'>amplectemur,</span> <span class='ocrx_word' id='word_1_127' title='bbox 1366 2274 1419 2352; x_wconf 82' lang='lat' dir='ltr'>qni</span> 
     </span>
     <span class='ocr_line' id='line_1_17' title="bbox 333 2372 1421 2456; baseline 0.002 -19"><span class='ocrx_word' id='word_1_128' title='bbox 333 2377 415 2437; x_wconf 78' lang='lat' dir='ltr'>hace</span> <span class='ocrx_word' id='word_1_129' title='bbox 434 2374 471 2434; x_wconf 87' lang='lat' dir='ltr'>ad</span> <span class='ocrx_word' id='word_1_130' title='bbox 494 2372 613 2453; x_wconf 75' lang='lat' dir='ltr'>primos</span> <span class='ocrx_word' id='word_1_131' title='bbox 634 2372 760 2433; x_wconf 75' lang='lat' dir='ltr'>scholae</span> <span class='ocrx_word' id='word_1_132' title='bbox 775 2373 951 2453; x_wconf 74' lang='lat' dir='ltr'>Megaricae</span> <span class='ocrx_word' id='word_1_133' title='bbox 971 2375 1117 2437; x_wconf 82' lang='lat' dir='ltr'>doctorea</span> <span class='ocrx_word' id='word_1_134' title='bbox 1139 2377 1297 2455; x_wconf 81' lang='lat' dir='ltr'>pertinere</span> <span class='ocrx_word' id='word_1_135' title='bbox 1318 2378 1421 2456; x_wconf 75' lang='lat' dir='ltr'>aurni-</span> 
     </span>
     <span class='ocr_line' id='line_1_18' title="bbox 332 2477 1420 2561; baseline 0 -20"><span class='ocrx_word' id='word_1_136' title='bbox 332 2486 423 2541; x_wconf 79' lang='lat' dir='ltr'>catara</span> <span class='ocrx_word' id='word_1_137' title='bbox 445 2484 502 2539; x_wconf 79' lang='lat' dir='ltr'>ert.</span> <span class='ocrx_word' id='word_1_138' title='bbox 547 2478 634 2555; x_wconf 76' lang='lat' dir='ltr'>Quae</span> <span class='ocrx_word' id='word_1_139' title='bbox 661 2477 838 2538; x_wconf 81' lang='lat' dir='ltr'>coniectura</span> <span class='ocrx_word' id='word_1_140' title='bbox 861 2496 898 2539; x_wconf 85' lang='lat' dir='ltr'>co</span> <span class='ocrx_word' id='word_1_141' title='bbox 921 2484 971 2540; x_wconf 89' lang='lat' dir='ltr'>eat</span> <span class='ocrx_word' id='word_1_142' title='bbox 992 2478 1204 2555; x_wconf 77' lang='lat' dir='ltr'>verisimilior,</span> <span class='ocrx_word' id='word_1_143' title='bbox 1234 2481 1318 2560; x_wconf 88' lang='lat' dir='ltr'>quod</span> <span class='ocrx_word' id='word_1_144' title='bbox 1340 2500 1420 2561; x_wconf 84' lang='lat' dir='ltr'>qnae</span> 
     </span>
     <span class='ocr_line' id='line_1_19' title="bbox 332 2580 1419 2665; baseline 0.001 -20"><span class='ocrx_word' id='word_1_145' title='bbox 332 2603 373 2645; x_wconf 86' lang='lat' dir='ltr'>eo</span> <span class='ocrx_word' id='word_1_146' title='bbox 395 2583 466 2644; x_wconf 94' lang='lat' dir='ltr'>loco</span> <span class='ocrx_word' id='word_1_147' title='bbox 489 2580 701 2654; x_wconf 76' lang='lat' dir='ltr'>diruerentur,</span> <span class='ocrx_word' id='word_1_148' title='bbox 724 2598 793 2640; x_wconf 89' lang='lat' dir='ltr'>curn</span> <span class='ocrx_word' id='word_1_149' title='bbox 816 2583 929 2643; x_wconf 84' lang='lat' dir='ltr'>celeria</span> <span class='ocrx_word' id='word_1_150' title='bbox 951 2580 1180 2660; x_wconf 78' lang='lat' dir='ltr'>Megaricorum</span> <span class='ocrx_word' id='word_1_151' title='bbox 1209 2584 1330 2663; x_wconf 82' lang='lat' dir='ltr'>placitla</span> <span class='ocrx_word' id='word_1_152' title='bbox 1353 2586 1419 2665; x_wconf 85' lang='lat' dir='ltr'>pla-</span> 
     </span>
     <span class='ocr_line' id='line_1_20' title="bbox 333 2682 1419 2769; baseline 0 -20"><span class='ocrx_word' id='word_1_153' title='bbox 333 2687 463 2749; x_wconf 81' lang='lat' dir='ltr'>aimime</span> <span class='ocrx_word' id='word_1_154' title='bbox 491 2683 697 2758; x_wconf 86' lang='lat' dir='ltr'>concordant,</span> <span class='ocrx_word' id='word_1_155' title='bbox 733 2703 792 2763; x_wconf 88' lang='lat' dir='ltr'>qua</span> <span class='ocrx_word' id='word_1_156' title='bbox 819 2682 860 2744; x_wconf 86' lang='lat' dir='ltr'>do</span> <span class='ocrx_word' id='word_1_157' title='bbox 887 2701 924 2743; x_wconf 88' lang='lat' dir='ltr'>re</span> <span class='ocrx_word' id='word_1_158' title='bbox 951 2687 1100 2747; x_wconf 82' lang='lat' dir='ltr'>nonnulla</span> <span class='ocrx_word' id='word_1_159' title='bbox 1126 2686 1295 2767; x_wconf 85' lang='lat' dir='ltr'>diaputanit</span> <span class='ocrx_word' id='word_1_160' title='bbox 1315 2688 1419 2769; x_wconf 79' lang='lat' dir='ltr'>lleyk·</span> 
     </span>
     <span class='ocr_line' id='line_1_21' title="bbox 333 2787 1420 2869; baseline 0.001 -16"><span class='ocrx_word' id='word_1_161' title='bbox 333 2793 401 2854; x_wconf 89' lang='lat' dir='ltr'>aiua</span> <span class='ocrx_word' id='word_1_162' title='bbox 423 2791 445 2852; x_wconf 93' lang='lat' dir='ltr'>l.</span> <span class='ocrx_word' id='word_1_163' title='bbox 467 2808 494 2851; x_wconf 88' lang='lat' dir='ltr'>e.</span> <span class='ocrx_word' id='word_1_164' title='bbox 514 2787 598 2869; x_wconf 69' lang='lat' dir='ltr'>gadi</span> <span class='ocrx_word' id='word_1_165' title='bbox 611 2806 678 2867; x_wconf 78' lang='lat' dir='ltr'>aqq.</span> <span class='ocrx_word' id='word_1_166' title='bbox 724 2787 815 2866; x_wconf 79' lang='lat' dir='ltr'>Quod</span> <span class='ocrx_word' id='word_1_167' title='bbox 844 2788 873 2847; x_wconf 81' lang='lat' dir='ltr'>ri</span> <span class='ocrx_word' id='word_1_168' title='bbox 893 2804 967 2846; x_wconf 85' lang='lat' dir='ltr'>vere</span> <span class='ocrx_word' id='word_1_169' title='bbox 988 2788 1031 2848; x_wconf 84' lang='lat' dir='ltr'>ita</span> <span class='ocrx_word' id='word_1_170' title='bbox 1053 2789 1213 2866; x_wconf 81' lang='lat' dir='ltr'>ponimur,</span> <span class='ocrx_word' id='word_1_171' title='bbox 1248 2790 1420 2853; x_wconf 67' lang='lat' dir='ltr'>clarianme</span> 
     </span>
     <span class='ocr_line' id='line_1_22' title="bbox 334 2889 1420 2973; baseline -0.006 -18"><span class='ocrx_word' id='word_1_172' title='bbox 334 2897 487 2973; x_wconf 67' lang='lat' dir='ltr'>conant,</span> <span class='ocrx_word' id='word_1_173' title='bbox 502 2891 692 2971; x_wconf 76' lang='lat' dir='ltr'>Megaricos,</span> <span class='ocrx_word' id='word_1_174' title='bbox 715 2910 755 2951; x_wconf 88' lang='lat' dir='ltr'>ne</span> <span class='ocrx_word' id='word_1_175' title='bbox 776 2889 970 2951; x_wconf 74' lang='lat' dir='ltr'>Parmenidi·</span> <span class='ocrx_word' id='word_1_176' title='bbox 992 2889 1032 2949; x_wconf 90' lang='lat' dir='ltr'>de</span> <span class='ocrx_word' id='word_1_177' title='bbox 1053 2891 1136 2950; x_wconf 82' lang='lat' dir='ltr'>Entc</span> <span class='ocrx_word' id='word_1_178' title='bbox 1151 2890 1309 2955; x_wconf 84' lang='lat' dir='ltr'>decretum</span> <span class='ocrx_word' id='word_1_179' title='bbox 1329 2914 1420 2973; x_wconf 84' lang='lat' dir='ltr'>pror.</span> 
     </span>
     <span class='ocr_line' id='line_1_23' title="bbox 339 2992 1421 3073; baseline 0.002 -16"><span class='ocrx_word' id='word_1_180' title='bbox 339 3014 395 3057; x_wconf 87' lang='lat' dir='ltr'>aua</span> <span class='ocrx_word' id='word_1_181' title='bbox 418 2993 589 3056; x_wconf 66' lang='lat' dir='ltr'>dueruiaac</span> <span class='ocrx_word' id='word_1_182' title='bbox 607 2995 805 3065; x_wconf 80' lang='lat' dir='ltr'>riderentur,</span> <span class='ocrx_word' id='word_1_183' title='bbox 828 2992 902 3053; x_wconf 89' lang='lat' dir='ltr'>licet</span> <span class='ocrx_word' id='word_1_184' title='bbox 915 2992 1033 3053; x_wconf 84' lang='lat' dir='ltr'>formas</span> <span class='ocrx_word' id='word_1_185' title='bbox 1048 2994 1195 3072; x_wconf 80' lang='lat' dir='ltr'>qrraedam</span> <span class='ocrx_word' id='word_1_186' title='bbox 1209 2999 1303 3071; x_wconf 87' lang='lat' dir='ltr'>atquc</span> <span class='ocrx_word' id='word_1_187' title='bbox 1315 3005 1421 3073; x_wconf 83' lang='lat' dir='ltr'>parter</span> 
     </span>
     <span class='ocr_line' id='line_1_24' title="bbox 336 3096 1422 3174; baseline -0.002 -11"><span class='ocrx_word' id='word_1_188' title='bbox 336 3101 423 3163; x_wconf 80' lang='lat' dir='ltr'>illino</span> <span class='ocrx_word' id='word_1_189' title='bbox 446 3118 514 3161; x_wconf 83' lang='lat' dir='ltr'>crae</span> <span class='ocrx_word' id='word_1_190' title='bbox 534 3099 757 3169; x_wconf 85' lang='lat' dir='ltr'>concederent,</span> <span class='ocrx_word' id='word_1_191' title='bbox 777 3103 881 3158; x_wconf 88' lang='lat' dir='ltr'>tamen</span> <span class='ocrx_word' id='word_1_192' title='bbox 903 3096 988 3157; x_wconf 86' lang='lat' dir='ltr'>idem</span> <span class='ocrx_word' id='word_1_193' title='bbox 1018 3096 1102 3157; x_wconf 91' lang='lat' dir='ltr'>omni</span> <span class='ocrx_word' id='word_1_194' title='bbox 1128 3096 1299 3174; x_wconf 84' lang='lat' dir='ltr'>generandi</span> <span class='ocrx_word' id='word_1_195' title='bbox 1320 3099 1422 3162; x_wconf 85' lang='lat' dir='ltr'>direr-</span> 
     </span>
     <span class='ocr_line' id='line_1_25' title="bbox 335 3198 1422 3281; baseline -0.002 -16"><span class='ocrx_word' id='word_1_196' title='bbox 335 3206 429 3269; x_wconf 82' lang='lat' dir='ltr'>ritate</span> <span class='ocrx_word' id='word_1_197' title='bbox 451 3221 488 3264; x_wconf 88' lang='lat' dir='ltr'>ac</span> <span class='ocrx_word' id='word_1_198' title='bbox 507 3202 715 3263; x_wconf 85' lang='lat' dir='ltr'>mutabilitate</span> <span class='ocrx_word' id='word_1_199' title='bbox 736 3202 867 3263; x_wconf 85' lang='lat' dir='ltr'>liberum</span> <span class='ocrx_word' id='word_1_200' title='bbox 890 3219 963 3261; x_wconf 79' lang='lat' dir='ltr'>esse</span> <span class='ocrx_word' id='word_1_201' title='bbox 987 3199 1123 3261; x_wconf 81' lang='lat' dir='ltr'>roluiaae</span> <span class='ocrx_word' id='word_1_202' title='bbox 1145 3198 1279 3277; x_wconf 87' lang='lat' dir='ltr'>ideoque</span> <span class='ocrx_word' id='word_1_203' title='bbox 1301 3204 1422 3281; x_wconf 78' lang='lat' dir='ltr'>speclea</span> 
     </span>
     <span class='ocr_line' id='line_1_26' title="bbox 335 3301 1422 3387; baseline 0 -17"><span class='ocrx_word' id='word_1_204' title='bbox 335 3309 404 3370; x_wconf 83' lang='lat' dir='ltr'>iliaa</span> <span class='ocrx_word' id='word_1_205' title='bbox 436 3313 470 3368; x_wconf 91' lang='lat' dir='ltr'>et</span> <span class='ocrx_word' id='word_1_206' title='bbox 495 3306 613 3367; x_wconf 87' lang='lat' dir='ltr'>iormaa</span> <span class='ocrx_word' id='word_1_207' title='bbox 642 3301 757 3378; x_wconf 77' lang='grc' dir='ltr'><strong><em>οὐσίας</em></strong></span> <span class='ocrx_word' id='word_1_208' title='bbox 778 3303 874 3364; x_wconf 78' lang='lat' dir='ltr'>veluti</span> <span class='ocrx_word' id='word_1_209' title='bbox 895 3305 1056 3377; x_wconf 79' lang='lat' dir='ltr'>immotas,</span> <span class='ocrx_word' id='word_1_210' title='bbox 1086 3301 1217 3381; x_wconf 77' lang='lat' dir='ltr'>rigidas,</span> <span class='ocrx_word' id='word_1_211' title='bbox 1244 3304 1422 3387; x_wconf 77' lang='lat' dir='ltr'>nulliusque</span> 
     </span>
     <span class='ocr_line' id='line_1_27' title="bbox 337 3407 1421 3488; baseline 0 -14"><span class='ocrx_word' id='word_1_212' title='bbox 337 3411 568 3474; x_wconf 75' lang='lat' dir='ltr'>communitatis</span> <span class='ocrx_word' id='word_1_213' title='bbox 588 3426 716 3488; x_wconf 70' lang='lat' dir='ltr'>capaces</span> <span class='ocrx_word' id='word_1_214' title='bbox 737 3408 890 3486; x_wconf 81' lang='lat' dir='ltr'>poouiaae.</span> <span class='ocrx_word' id='word_1_215' title='bbox 940 3407 1092 3467; x_wconf 74' lang='lat' dir='ltr'>Nolumus</span> <span class='ocrx_word' id='word_1_216' title='bbox 1114 3410 1232 3480; x_wconf 85' lang='lat' dir='ltr'>totam,</span> <span class='ocrx_word' id='word_1_217' title='bbox 1265 3428 1344 3486; x_wconf 80' lang='lat' dir='ltr'>qrrue</span> <span class='ocrx_word' id='word_1_218' title='bbox 1364 3411 1421 3474; x_wconf 94' lang='lat' dir='ltr'>iiio</span> 
     </span>
     <span class='ocr_line' id='line_1_28' title="bbox 334 3509 1422 3596; baseline -0.003 -22"><span class='ocrx_word' id='word_1_219' title='bbox 334 3514 496 3596; x_wconf 82' lang='lat' dir='ltr'>rophiatae</span> <span class='ocrx_word' id='word_1_220' title='bbox 517 3514 588 3574; x_wconf 87' lang='lat' dir='ltr'>loeo</span> <span class='ocrx_word' id='word_1_221' title='bbox 611 3512 762 3592; x_wconf 73' lang='lat' dir='ltr'>agitatur,</span> <span class='ocrx_word' id='word_1_222' title='bbox 785 3509 1024 3588; x_wconf 75' lang='lat' dir='ltr'>disputationem</span> <span class='ocrx_word' id='word_1_223' title='bbox 1052 3526 1253 3587; x_wconf 82' lang='lat' dir='ltr'>percurrere,</span> <span class='ocrx_word' id='word_1_224' title='bbox 1289 3518 1322 3573; x_wconf 88' lang='lat' dir='ltr'>et</span> <span class='ocrx_word' id='word_1_225' title='bbox 1343 3533 1422 3591; x_wconf 82' lang='lat' dir='ltr'>qrrae</span> 
     </span>
     <span class='ocr_line' id='line_1_29' title="bbox 335 3613 1422 3693; baseline 0 -13"><span class='ocrx_word' id='word_1_226' title='bbox 335 3620 374 3681; x_wconf 85' lang='lat' dir='ltr'>ad</span> <span class='ocrx_word' id='word_1_227' title='bbox 402 3626 542 3679; x_wconf 81' lang='lat' dir='ltr'>aroatram</span> <span class='ocrx_word' id='word_1_228' title='bbox 572 3614 757 3677; x_wconf 72' lang='lat' dir='ltr'>seutentiam</span> <span class='ocrx_word' id='word_1_229' title='bbox 784 3613 1046 3674; x_wconf 86' lang='lat' dir='ltr'>corroborandam</span> <span class='ocrx_word' id='word_1_230' title='bbox 1075 3613 1213 3687; x_wconf 77' lang='lat' dir='ltr'>valeant,</span> <span class='ocrx_word' id='word_1_231' title='bbox 1243 3613 1422 3693; x_wconf 87' lang='lat' dir='ltr'>ringulatinr</span> 
     </span>
     <span class='ocr_line' id='line_1_30' title="bbox 336 3715 1421 3795; baseline 0.001 -12"><span class='ocrx_word' id='word_1_232' title='bbox 336 3740 492 3783; x_wconf 85' lang='lat' dir='ltr'>enarrare.</span> <span class='ocrx_word' id='word_1_233' title='bbox 543 3718 626 3781; x_wconf 84' lang='lat' dir='ltr'>Salia</span> <span class='ocrx_word' id='word_1_234' title='bbox 654 3717 716 3777; x_wconf 90' lang='lat' dir='ltr'>erit</span> <span class='ocrx_word' id='word_1_235' title='bbox 743 3735 840 3795; x_wconf 84' lang='lat' dir='ltr'>pauca</span> <span class='ocrx_word' id='word_1_236' title='bbox 866 3715 1001 3795; x_wconf 82' lang='lat' dir='ltr'>lroapitir</span> <span class='ocrx_word' id='word_1_237' title='bbox 1030 3717 1162 3778; x_wconf 82' lang='lat' dir='ltr'>Eleatici</span> <span class='ocrx_word' id='word_1_238' title='bbox 1189 3718 1283 3778; x_wconf 85' lang='lat' dir='ltr'>verba</span> <span class='ocrx_word' id='word_1_239' title='bbox 1304 3719 1421 3783; x_wconf 80' lang='lat' dir='ltr'>odacri-</span> 
     </span>
     <span class='ocr_line' id='line_1_31' title="bbox 334 3819 1422 3905; baseline 0 -18"><span class='ocrx_word' id='word_1_240' title='bbox 334 3826 453 3905; x_wconf 64' lang='lat' dir='ltr'>puae,</span> <span class='ocrx_word' id='word_1_241' title='bbox 475 3822 559 3883; x_wconf 87' lang='lat' dir='ltr'>unde</span> <span class='ocrx_word' id='word_1_242' title='bbox 580 3838 660 3900; x_wconf 89' lang='lat' dir='ltr'>quae</span> <span class='ocrx_word' id='word_1_243' title='bbox 673 3819 803 3881; x_wconf 80' lang='lat' dir='ltr'>diximur</span> <span class='ocrx_word' id='word_1_244' title='bbox 816 3820 891 3881; x_wconf 84' lang='lat' dir='ltr'>antia</span> <span class='ocrx_word' id='word_1_245' title='bbox 906 3837 1062 3898; x_wconf 79' lang='lat' dir='ltr'>superque</span> <span class='ocrx_word' id='word_1_246' title='bbox 1075 3821 1304 3884; x_wconf 83' lang='lat' dir='ltr'>confirmantur.</span> <span class='ocrx_word' id='word_1_247' title='bbox 1339 3825 1422 3887; x_wconf 85' lang='lat' dir='ltr'>Con-</span> 
     </span>
    </p>
   </div>
   <div class='ocr_carea' id='block_1_3' title="bbox 334 3921 1521 4007">
    <p class='ocr_par' dir='ltr' id='par_1_3' title="bbox 334 3921 1521 4007">
     <span class='ocr_line' id='line_1_32' title="bbox 334 3921 1521 4007; baseline -0.008 -17"><span class='ocrx_word' id='word_1_248' title='bbox 334 3928 420 3990; x_wconf 83' lang='lat' dir='ltr'>ieraa</span> <span class='ocrx_word' id='word_1_249' title='bbox 442 3927 540 4007; x_wconf 84' lang='lat' dir='ltr'>igitur</span> <span class='ocrx_word' id='word_1_250' title='bbox 560 3944 591 4004; x_wconf 79' lang='lat' dir='ltr'>p.</span> <span class='ocrx_word' id='word_1_251' title='bbox 606 3923 680 3986; x_wconf 74' lang='lat'>248.</span> <span class='ocrx_word' id='word_1_252' title='bbox 695 3924 729 3984; x_wconf 81' lang='lat' dir='ltr'>C.</span> <span class='ocrx_word' id='word_1_253' title='bbox 744 3923 781 3985; x_wconf 79' lang='grc' dir='ltr'>Ε.</span> <span class='ocrx_word' id='word_1_254' title='bbox 804 3929 838 3984; x_wconf 89' lang='lat' dir='ltr'>et</span> <span class='ocrx_word' id='word_1_255' title='bbox 851 3923 924 3984; x_wconf 77' lang='lat'>24⁰.</span> <span class='ocrx_word' id='word_1_256' title='bbox 937 3921 972 3985; x_wconf 84' lang='lat' dir='ltr'>G.</span> <span class='ocrx_word' id='word_1_257' title='bbox 995 3931 1028 3985; x_wconf 93' lang='lat' dir='ltr'>et</span> <span class='ocrx_word' id='word_1_258' title='bbox 1048 3924 1134 4004; x_wconf 83' lang='lat' dir='ltr'>legra</span> <span class='ocrx_word' id='word_1_259' title='bbox 1150 3929 1313 4003; x_wconf 79' lang='lat' dir='ltr'>praeterea</span> <span class='ocrx_word' id='word_1_260' title='bbox 1326 3927 1422 3989; x_wconf 86' lang='lat' dir='ltr'>haec:</span> <span class='ocrx_word' id='word_1_261' title='bbox 1516 3972 1521 3981; x_wconf 93' lang='lat'>.</span> 
     </span>
    </p>
   </div>
   <div class='ocr_carea' id='block_1_4' title="bbox 341 4019 1423 4111">
    <p class='ocr_par' dir='ltr' id='par_1_4' title="bbox 341 4019 1423 4111">
     <span class='ocr_line' id='line_1_33' title="bbox 341 4019 1423 4111; baseline -0.001 -18"><span class='ocrx_word' id='word_1_262' title='bbox 341 4032 380 4095; x_wconf 80' lang='grc' dir='ltr'>Τι’</span> <span class='ocrx_word' id='word_1_263' title='bbox 410 4032 484 4104; x_wconf 81' lang='grc' dir='ltr'><strong><em>δαί,</em></strong></span> <span class='ocrx_word' id='word_1_264' title='bbox 513 4019 597 4111; x_wconf 72' lang='grc' dir='ltr'>πρὸς</span> <span class='ocrx_word' id='word_1_265' title='bbox 627 4020 730 4099; x_wconf 55' lang='lat' dir='ltr'>Attica</span> <span class='ocrx_word' id='word_1_266' title='bbox 761 4022 804 4100; x_wconf 75' lang='grc' dir='ltr'>ὥς</span> <span class='ocrx_word' id='word_1_267' title='bbox 831 4023 975 4103; x_wconf 69' lang='grc' dir='ltr'><em>ἀληθῶς</em></span> <span class='ocrx_word' id='word_1_268' title='bbox 1006 4030 1137 4105; x_wconf 84' lang='grc' dir='ltr'><em>κίνησιν</em></span> <span class='ocrx_word' id='word_1_269' title='bbox 1167 4027 1223 4090; x_wconf 82' lang='grc' dir='ltr'>καὶ</span> <span class='ocrx_word' id='word_1_270' title='bbox 1252 4020 1336 4104; x_wconf 68' lang='grc' dir='ltr'>ζωὴν</span> <span class='ocrx_word' id='word_1_271' title='bbox 1365 4032 1423 4093; x_wconf 84' lang='grc' dir='ltr'>καὶ</span> 
     </span>
    </p>
   </div>
   <div class='ocr_carea' id='block_1_5' title="bbox 333 4117 1425 4724">
    <p class='ocr_par' dir='ltr' id='par_1_5' title="bbox 333 4117 1425 4724">
     <span class='ocr_line' id='line_1_34' title="bbox 334 4117 1422 4220; baseline -0.003 -23"><span class='ocrx_word' id='word_1_272' title='bbox 334 4126 449 4220; x_wconf 61' lang='grc' dir='ltr'><em>ψυχὴν</em></span> <span class='ocrx_word' id='word_1_273' title='bbox 472 4134 528 4194; x_wconf 85' lang='grc' dir='ltr'>καὶ</span> <span class='ocrx_word' id='word_1_274' title='bbox 550 4124 715 4217; x_wconf 76' lang='grc' dir='ltr'><em>φρόνησιν</em></span> <span class='ocrx_word' id='word_1_275' title='bbox 736 4117 757 4208; x_wconf 78' lang='grc' dir='ltr'><em>ἦ</em></span> <span class='ocrx_word' id='word_1_276' title='bbox 787 4128 913 4213; x_wconf 76' lang='grc' dir='ltr'><strong><em>ῥᾳδίως</em></strong></span> <span class='ocrx_word' id='word_1_277' title='bbox 940 4124 1207 4210; x_wconf 73' lang='grc' dir='ltr'>πεισθησόμείίιι</span> <span class='ocrx_word' id='word_1_278' title='bbox 1237 4132 1284 4211; x_wconf 81' lang='grc' dir='ltr'>τῷ</span> <span class='ocrx_word' id='word_1_279' title='bbox 1306 4152 1422 4194; x_wconf 76' lang='grc' dir='ltr'><em>παντο·</em></span> 
     </span>
     <span class='ocr_line' id='line_1_35' title="bbox 335 4223 1423 4318; baseline -0.004 -20"><span class='ocrx_word' id='word_1_280' title='bbox 335 4236 400 4309; x_wconf 75' lang='grc' dir='ltr'>λῶς</span> <span class='ocrx_word' id='word_1_281' title='bbox 423 4226 499 4296; x_wconf 81' lang='grc' dir='ltr'><em>ὄντι</em></span> <span class='ocrx_word' id='word_1_282' title='bbox 521 4225 565 4313; x_wconf 73' lang='grc' dir='ltr'>μὴ</span> <span class='ocrx_word' id='word_1_283' title='bbox 588 4240 759 4310; x_wconf 77' lang='grc' dir='ltr'><em>παρεῖναι,</em></span> <span class='ocrx_word' id='word_1_284' title='bbox 779 4230 862 4312; x_wconf 78' lang='grc' dir='ltr'><em>μηδὲ</em></span> <span class='ocrx_word' id='word_1_285' title='bbox 884 4227 942 4308; x_wconf 79' lang='grc' dir='ltr'>ζῆν</span> <span class='ocrx_word' id='word_1_286' title='bbox 965 4223 1048 4294; x_wconf 81' lang='grc' dir='ltr'><em>αὐτὸ</em></span> <span class='ocrx_word' id='word_1_287' title='bbox 1065 4229 1147 4312; x_wconf 80' lang='grc' dir='ltr'><em>μηδὲ</em></span> <span class='ocrx_word' id='word_1_288' title='bbox 1162 4242 1314 4318; x_wconf 73' lang='grc' dir='ltr'>ηρονεῖν,</span> <span class='ocrx_word' id='word_1_289' title='bbox 1336 4229 1423 4294; x_wconf 76' lang='grc' dir='ltr'>ἀλλὰ</span> 
     </span>
     <span class='ocr_line' id='line_1_36' title="bbox 336 4326 1424 4418; baseline -0.002 -19"><span class='ocrx_word' id='word_1_290' title='bbox 336 4328 458 4415; x_wconf 80' lang='grc' dir='ltr'><em>σεμνὸν</em></span> <span class='ocrx_word' id='word_1_291' title='bbox 480 4335 537 4396; x_wconf 84' lang='grc' dir='ltr'>καὶ</span> <span class='ocrx_word' id='word_1_292' title='bbox 559 4329 674 4417; x_wconf 74' lang='grc' dir='ltr'>ἅγιον,</span> <span class='ocrx_word' id='word_1_293' title='bbox 695 4338 776 4398; x_wconf 83' lang='grc' dir='ltr'>νοῦν</span> <span class='ocrx_word' id='word_1_294' title='bbox 798 4331 858 4396; x_wconf 80' lang='grc' dir='ltr'>οὐκ</span> <span class='ocrx_word' id='word_1_295' title='bbox 876 4334 967 4418; x_wconf 83' lang='grc' dir='ltr'><strong><em>ἕχον,</em></strong></span> <span class='ocrx_word' id='word_1_296' title='bbox 987 4330 1189 4413; x_wconf 76' lang='grc' dir='ltr'>ἀκίνητον</span> <span class='ocrx_word' id='word_1_297' title='bbox 1212 4326 1424 4410; x_wconf 59' lang='lat' dir='ltr'>infrictionem</span> 
     </span>
     <span class='ocr_line' id='line_1_37' title="bbox 334 4429 1425 4526; baseline -0.002 -24"><span class='ocrx_word' id='word_1_298' title='bbox 334 4440 454 4521; x_wconf 65' lang='lat' dir='ltr'>lam.</span> <span class='ocrx_word' id='word_1_299' title='bbox 477 4438 515 4500; x_wconf 81' lang='lat'>1).</span> <span class='ocrx_word' id='word_1_300' title='bbox 543 4441 591 4518; x_wconf 82' lang='grc' dir='ltr'>τῷ</span> <span class='ocrx_word' id='word_1_301' title='bbox 619 4429 659 4516; x_wconf 81' lang='grc' dir='ltr'>δὴ</span> <span class='ocrx_word' id='word_1_302' title='bbox 689 4431 869 4526; x_wconf 68' lang='grc' dir='ltr'>φιλοσόφῳ</span> <span class='ocrx_word' id='word_1_303' title='bbox 897 4437 954 4500; x_wconf 80' lang='grc' dir='ltr'>καὶ</span> <span class='ocrx_word' id='word_1_304' title='bbox 983 4439 1092 4499; x_wconf 82' lang='grc' dir='ltr'><em>ταῦτα</em></span> <span class='ocrx_word' id='word_1_305' title='bbox 1114 4431 1262 4516; x_wconf 75' lang='grc' dir='ltr'><em>μάλιστα</em></span> <span class='ocrx_word' id='word_1_306' title='bbox 1286 4438 1425 4517; x_wconf 81' lang='grc' dir='ltr'><em>τιμῶντι</em></span> 
     </span>
     <span class='ocr_line' id='line_1_38' title="bbox 335 4531 1425 4622; baseline -0.004 -16"><span class='ocrx_word' id='word_1_307' title='bbox 335 4546 447 4618; x_wconf 79' lang='grc' dir='ltr'><em>πᾶσα,</em></span> <span class='ocrx_word' id='word_1_308' title='bbox 476 4537 522 4614; x_wconf 82' lang='grc' dir='ltr'>ὠς</span> <span class='ocrx_word' id='word_1_309' title='bbox 544 4541 662 4615; x_wconf 77' lang='grc' dir='ltr'>ἔοικεν,</span> <span class='ocrx_word' id='word_1_310' title='bbox 692 4534 824 4622; x_wconf 76' lang='grc' dir='ltr'><em>ἀνάγκη</em></span> <span class='ocrx_word' id='word_1_311' title='bbox 854 4531 911 4601; x_wconf 74' lang='grc' dir='ltr'>διὰ</span> <span class='ocrx_word' id='word_1_312' title='bbox 935 4543 1059 4612; x_wconf 79' lang='grc' dir='ltr'><em>ταῦτα,</em></span> <span class='ocrx_word' id='word_1_313' title='bbox 1093 4560 1114 4616; x_wconf 85' lang='grc' dir='ltr'><strong><em>μ</em></strong></span> <span class='ocrx_word' id='word_1_314' title='bbox 1126 4531 1196 4613; x_wconf 83' lang='grc' dir='ltr'>η’τε</span> <span class='ocrx_word' id='word_1_315' title='bbox 1227 4540 1277 4599; x_wconf 81' lang='grc' dir='ltr'>τῶ</span> <span class='ocrx_word' id='word_1_316' title='bbox 1286 4560 1303 4601; x_wconf 89' lang='grc' dir='ltr'><em>ν</em></span> <span class='ocrx_word' id='word_1_317' title='bbox 1330 4538 1374 4602; x_wconf 79' lang='grc' dir='ltr'>ἓν</span> <span class='ocrx_word' id='word_1_318' title='bbox 1402 4532 1425 4616; x_wconf 78' lang='grc' dir='ltr'><em>ἢ</em></span> 
     </span>
     <span class='ocr_line' id='line_1_39' title="bbox 333 4632 1424 4724; baseline -0.003 -15"><span class='ocrx_word' id='word_1_319' title='bbox 333 4647 408 4710; x_wconf 82' lang='grc' dir='ltr'>καὶ</span> <span class='ocrx_word' id='word_1_320' title='bbox 440 4639 492 4707; x_wconf 82' lang='grc' dir='ltr'>τὰ</span> <span class='ocrx_word' id='word_1_321' title='bbox 529 4632 665 4706; x_wconf 79' lang='grc' dir='ltr'><strong><em>πολλὰ</em></strong></span> <span class='ocrx_word' id='word_1_322' title='bbox 697 4639 786 4721; x_wconf 79' lang='grc' dir='ltr'><em>εἴδη</em></span> <span class='ocrx_word' id='word_1_323' title='bbox 820 4636 1031 4724; x_wconf 77' lang='grc' dir='ltr'>λεγόντων</span> <span class='ocrx_word' id='word_1_324' title='bbox 1060 4639 1106 4701; x_wconf 88' lang='grc' dir='ltr'>τὸ</span> <span class='ocrx_word' id='word_1_325' title='bbox 1137 4640 1220 4704; x_wconf 78' lang='grc' dir='ltr'>πᾶν</span> <span class='ocrx_word' id='word_1_326' title='bbox 1249 4634 1424 4718; x_wconf 77' lang='grc' dir='ltr'><em>ἑστηκὸς</em></span> 
     </span>
    </p>
   </div>
   <div class='ocr_carea' id='block_1_6' title="bbox 0 0 1899 5442">
    <p class='ocr_par' dir='ltr' id='par_1_6' title="bbox 0 0 1899 5442">
     <span class='ocr_line' id='line_1_40' title="bbox 0 0 1899 5442; baseline 0 0"><span class='ocrx_word' id='word_1_327' title='bbox 0 0 1899 5442; x_wconf 95' lang='lat' dir='ltr'> </span> 
     </span>
    </p>
   </div>
  </div>
 </body>
</html>
