3775 5442
489 627 553 689 128
820 624 906 683 Liber
926 626 1045 702 primns.
1087 622 1188 683 Sectis
1211 623 1244 686 V.
1289 624 1296 633 '

488 801 561 882 quin
582 798 671 859 Plato
692 796 725 859 lu
748 795 962 859 subtilioribus
983 795 1024 857 de
1045 796 1124 860 ideis
1153 796 1385 876 quaestionibus
1411 788 1451 858 τὸ
1476 788 1515 860 ὅν
1539 805 1571 859 et

487 897 549 980 τὴν
566 898 683 965 οὐσίαν
703 919 765 961 non
780 917 837 976 eo,
861 917 921 978 quo
934 899 1026 975 alibi,
1048 901 1142 962 modo
1157 902 1366 981 usurpaverit,
1389 906 1424 963 ut
1444 898 1570 961 omnino

488 1005 638 1088 quidquid
659 1003 893 1084 perseipsum
914 1009 1000 1065 esset
1021 1004 1224 1083 signiticaret:
1251 1005 1314 1065 imo
1327 1002 1405 1066 baec
1420 1005 1570 1066 vocabula

328 1121 330 1131 '
402 1172 405 1195 ,
487 1112 611 1174 videtur
637 1107 677 1167 ad
706 1125 799 1168 unam
827 1104 948 1167 formae
985 1107 1085 1186 legem
1115 1113 1148 1167 ct
1175 1107 1387 1170 condicionem
1414 1108 1569 1169 retulisse.

486 1216 548 1277 sld.
569 1212 663 1273 etlam
684 1207 820 1269 Aristot.
843 1207 919 1272 Met.
943 1207 1009 1270 Vll.
1030 1209 1060 1271 d.
1104 1209 1207 1289 Atque
1228 1212 1305 1273 baec
1327 1231 1419 1290 quum
1438 1211 1481 1283 ita
1496 1211 1568 1284 sint,

432 1359 434 1362 -
486 1321 594 1397 ulique
620 1305 660 1376 τὸ
688 1314 738 1384 tc,
763 1311 796 1372 ln.
818 1330 846 1374 e.
873 1313 1035 1374 materiam
1060 1312 1217 1389 idearum,
1254 1317 1397 1393 quoniam
1434 1315 1494 1375 iam
1521 1323 1570 1401 est

485 1417 698 1499 multipliciter
719 1414 784 1476 sive
805 1413 991 1496 πολλαχοῦ,
1008 1415 1123 1478 relicto
1146 1417 1232 1493 quasi
1256 1418 1387 1498 pristino
1402 1423 1485 1480 statu
1500 1435 1569 1487 suo,

484 1525 517 1586 iu
544 1540 605 1602 quo
633 1537 727 1581 uncam
755 1524 823 1579 erat
849 1517 1044 1593 continuum,
1080 1521 1233 1581 esseutiae
1259 1521 1289 1581 vi
1312 1527 1349 1603 ¹ot
1371 1520 1509 1583 eilicacia
1530 1539 1569 1580 eo

485 1627 653 1691 adductum
679 1622 835 1696 videmus,
869 1629 905 1683 ut
933 1622 965 1682 in
988 1622 1117 1682 totidem
1140 1631 1245 1702 partes
1267 1623 1464 1698 discesserit,
1493 1632 1569 1702 quot

485 1737 558 1793 mm
580 1729 639 1791 τοῦ
661 1717 759 1799 ὄντος
780 1744 850 1786 cum
871 1741 911 1784 eo
933 1725 1085 1804 copulati:
1117 1744 1187 1785 nam
1216 1744 1272 1786 nec
1299 1719 1338 1788 τὸ
1367 1718 1407 1789 ὅν
1435 1747 1568 1808 unquam

487 1835 604 1895 deserit
619 1830 774 1892 ¹unitatem
796 1826 860 1888 sive
882 1826 1056 1900 materiam,
1079 1847 1137 1887 nec
1161 1822 1197 1889 cd
1219 1833 1252 1891 in
1269 1830 1308 1889 ab
1327 1848 1376 1903 eo,
1400 1831 1483 1908 quod
1499 1850 1569 1891 esse

486 1937 631 2007 dicimus,
654 1931 761 1993 divelli
782 1934 887 2008 potest
908 1936 1001 2008 atque
1020 1932 1187 2009 segregari.
1232 1933 1383 2010 Quocirca
1395 1934 1568 1994 rectissime

483 2035 683 2102 Parmenides
705 2038 919 2113 armentum
941 2032 1027 2094 bisce
1055 2033 1213 2094 concludit
1245 2033 1363 2096 verbius
1397 2031 1435 2097 οὐ
1462 2029 1568 2115 μόνον

484 2134 554 2224 ἄρα
577 2131 615 2201 τὸ
637 2129 677 2200 ὃν
698 2135 733 2197 ἓν
754 2128 863 2197 πολλοὶ
885 2137 992 2207 ἐστιν,
1015 2127 1102 2197 ἀλλὰ
1126 2137 1181 2199 καὶ
1204 2130 1347 2201 αὐτὰτὰ
1369 2136 1402 2198 ἓν
1421 2128 1484 2197 ὑπὸ
1506 2139 1567 2198 τοῦ

485 2234 584 2313 ὄντος
612 2236 884 2318 διανενεμημένον
912 2229 1022 2300 πολλὰ
1051 2231 1181 2319 ἀνάγκη
1210 2235 1294 2302 εἶναι
1319 2242 1362 2318 *).
1413 2237 1568 2300 Videlicet

485 2341 741 2424 quemadmodum
773 2346 864 2401 antea
897 2340 1141 2401 demonstratum
1176 2349 1225 2404 est
1260 2343 1439 2405 varietatem
1474 2349 1568 2422 atque

484 2445 712 2509 mrrltlludinem
734 2443 873 2504 idearum
895 2462 915 2504 e
935 2449 1041 2504 mutua
1063 2446 1122 2506 τοῦ
1140 2439 1213 2519 ἑνός
1230 2455 1269 2506 ct
1291 2447 1351 2507 cod
1373 2438 1470 2519 ὄντος
1492 2464 1566 2506 con-

483 2551 613 2612 nexione
643 2552 677 2608 ct
703 2547 798 2608 soluti
824 2547 1012 2610 cohaesione
1039 2552 1188 2627 oportere
1216 2547 1380 2627 explicari3
1415 2550 1459 2610 ita
1487 2567 1567 2610 nnnc

483 2670 565 2715 urano
586 2649 731 2712 ellectum
752 2649 911 2726 videmus,
933 2650 1063 2712 eandem
1085 2650 1170 2711 illam
1190 2651 1283 2713 ctiam
1306 2651 1349 2711 ita
1370 2653 1516 2731 prodire.
1539 2650 1567 2713 sl

483 2747 524 2817 τὸ
547 2757 582 2818 ἔν
603 2758 636 2813 et
656 2743 696 2814 τὸ
719 2742 759 2815 ὅν
783 2771 841 2833 pes
862 2772 897 2815 se
918 2760 1115 2833 spectantur,
1136 2753 1180 2814 ita
1201 2760 1237 2814 ut
1257 2754 1388 2815 alterum
1411 2757 1448 2816 ab
1467 2758 1565 2816 allero

484 2857 612 2920 dill'erre
635 2859 797 2919 statuatur.
841 2855 884 2919 Et
904 2856 965 2918 iam
986 2856 1047 2920 hoc
1066 2873 1190 2937 quoque
1203 2857 1375 2937 expositum
1390 2866 1481 2938 atque
1493 2858 1566 2919 illu-

483 2968 614 3025 stratum
637 2965 701 3033 cst,
728 2958 829 3038 ipsum
858 2959 943 3021 istud
966 2951 1018 3033 ὅν,
1053 2959 1141 3020 cuius
1163 2960 1367 3040 discrepantia
1390 2961 1565 3040 primariam

483 3065 567 3127 illam
594 3064 743 3125 unitatem
771 3062 866 3122 selani
892 3061 1034 3123 dissolvit
1059 3069 1092 3121 et
1123 3063 1154 3121 in
1176 3069 1281 3141 partes
1303 3063 1479 3127 innumeras
1501 3064 1565 3125 dis-

482 3166 598 3245 iungit,
620 3163 649 3222 vi
670 3182 725 3223 sua
746 3162 807 3222 hoc
828 3163 974 3238 efficere,
996 3170 1031 3223 ut
1053 3181 1108 3223 eae
1129 3181 1236 3226 omues
1258 3185 1295 3226 ac
1315 3167 1455 3246 singulae
1475 3168 1506 3228 ia
1529 3186 1565 3228 ae

481 3268 643 3328 absolutae
664 3266 726 3327 sint
741 3263 937 3344 habeantque
949 3271 1076 3327 naturae
1089 3285 1163 3327 suae
1175 3269 1429 3344 convenientiam,
1451 3290 1564 3349 aequa-

481 3370 649 3441 bilitatem,
672 3368 893 3442 constantiam,
914 3367 948 3431 ia
970 3386 1030 3451 quo
1051 3369 1193 3431 idearum
1214 3372 1299 3433 cerni
1313 3374 1459 3435 unitatem
1470 3393 1563 3436 nemo

351 3506 358 3532 t
482 3472 542 3534 erit
570 3471 644 3550 quia
672 3470 793 3532 Platoni
820 3470 912 3531 iaclle
940 3471 1099 3551 largiatur.
1143 3473 1246 3553 Atque
1266 3475 1316 3538 bls
1339 3476 1382 3536 ita
1404 3478 1563 3557 explicatis

481 3574 659 3656 planissime
681 3573 924 3636 demonstratum
946 3593 1017 3635 essa
1038 3583 1183 3655 apparet,
1207 3579 1289 3656 quod
1313 3585 1379 3639 erat
1395 3581 1563 3643 ostendere

480 3678 691 3759 propositum,
714 3694 824 3750 uuum,
848 3678 931 3756 quod
953 3696 1023 3739 esse
1045 3678 1181 3754 dicatur,
1205 3679 1325 3741 lolinita
1343 3683 1475 3761 quadam
1488 3703 1563 3764 gau·

480 3784 557 3844 dere
578 3779 711 3859 partium
733 3786 766 3839 et
786 3779 955 3841 formarum
975 3780 1188 3858 multitudine,
1211 3802 1340 3868 quarum
1364 3804 1563 3865 unaquaequo

479 3885 510 3948 ln
533 3904 569 3945 se
590 3902 648 3943 usna
669 3881 711 3943 sit
733 3888 825 3962 atque
847 3881 1063 3964 absoluta**).

481 4030 692 4051 Ἠμ-

547 4118 764 4187 ἾῆΜὶΕ

531 4209 572 4269 ”l
589 4206 722 4269 Quoniam
739 4205 766 4255 iu
784 4210 856 4255 tanta
870 4204 978 4256 Latinas
996 4205 1103 4274 linquae
1113 4206 1220 4274 penaria
1234 4206 1372 4258 serendam
1392 4211 1442 4265 est,
1461 4222 1560 4258 aaaron

480 4276 565 4324 omnia
584 4275 647 4327 satia
664 4273 801 4342 perspicae
819 4275 916 4327 elocati
935 4275 1035 4331 simos.
1065 4290 1199 4340 speramus
1224 4290 1276 4325 noa
1296 4274 1429 4341 ingratum
1448 4276 1506 4325 lore
1524 4275 1559 4327 la·

479 4343 619 4408 gentibus,
638 4342 661 4392 ai
678 4342 833 4391 Germanico
851 4356 969 4392 sansone
987 4340 1100 4392 basilea
1116 4342 1244 4411 cosnplcai
1262 4341 1402 4400 laemnma,
1428 4360 1495 4410 quae
1512 4342 1559 4394 ad·

479 4408 531 4459 buc
555 4411 687 4478 copiosius
711 4410 889 4460 disseruimus.
932 4410 1057 4458 Putamus
1082 4411 1163 4475 igitur
1193 4411 1272 4461 totius
1296 4409 1348 4461 loci
1375 4417 1558 4476 orpunmutam

479 4475 529 4526 boc
547 4494 610 4532 esse,
648 4481 720 4536 „Aa
733 4477 787 4525 sim
804 4479 1018 4526 bestimmten
1037 4477 1060 4526 S
1066 4480 1095 4526 es'
1102 4497 1120 4526 n
1137 4479 1178 4527 air
1192 4479 1235 4528 cira
1247 4476 1427 4548 Auffemes'nea
1449 4481 1557 4549 pascam

479 4546 541 4593 ostar
554 4565 595 4592 aaa
610 4545 723 4595 idcellen
737 4548 851 4601 liusena,
871 4545 956 4595 lusson
969 4545 1025 4595 ss’eb
1037 4545 1233 4595 untrrscbea'aiess
1252 4545 1316 4597 Scin
1336 4546 1392 4597 nuci
1411 4548 1559 4598 Brsliorrmt-

479 4611 532 4661 lois
545 4613 586 4662 uis
598 4615 669 4663 scitae
679 4614 825 4672 Elementa,
844 4610 990 4684 ds'ejedoeis
1003 4613 1031 4662 s'ss
1044 4610 1281 4665 ssnzertrerasalielscs
1294 4614 1435 4688 Eistipsan
1449 4615 1557 4665 verbula-
