3775 5442
416 658 477 721 182
744 658 829 719 Liber
850 660 969 735 primda.
1011 657 1112 717 Sectio
1134 657 1181 716 vl.

416 830 574 906 rideatur,
607 830 689 891 idem
720 829 762 890 de
789 835 948 909 postrema
974 829 1192 908 disputationis
1221 835 1309 908 parte
1332 830 1498 910 diligenter

415 935 583 995 tenendum
605 939 661 994 eet.
705 931 894 1012 Pythagorei
917 933 999 995 enlm
1019 952 1110 1012 porram
1130 935 1298 994 contrariae
1315 932 1498 995 modimcn-

415 1055 585 1117 nureepuae
612 1034 748 1111 ratione·
776 1055 795 1095 e
822 1036 901 1097 liniti
930 1043 964 1096 ct
996 1033 1110 1098 inlinitl
1143 1043 1253 1097 natura
1286 1013 1527 1109 deduxieeent‚'

415 1140 505 1203 Plato
527 1160 580 1201 eea
602 1157 708 1205 omnen
731 1138 842 1201 mode
862 1138 1006 1219 repetiit,
1028 1140 1114 1218 qood
1136 1158 1229 1201 unum
1251 1139 1302 1199 rel
1321 1138 1497 1202 absolutnnn

416 1246 465 1307 vel
487 1242 616 1307 relatum
638 1242 677 1302 od
700 1234 785 1305 allrrd
807 1243 896 1322 quid,
919 1243 985 1303 elne
1006 1243 1038 1305 ld
1057 1244 1092 1304 ln
1119 1243 1189 1324 ipoo
1220 1243 1338 1304 ineeoet
1359 1241 1424 1302 alne
1446 1260 1497 1303 ax-

368 1339 375 1353 '
415 1347 568 1414 trinoeouo
596 1353 680 1410 cneet
708 1348 915 1420 calloeatun‚-
938 1347 1131 1426 poal·liocrc
1151 1346 1329 1407 acutieairne
1349 1344 1495 1424 pervidit,

417 1471 454 1513 ex
476 1470 537 1530 ouo
559 1451 717 1513 subtiliter
737 1448 857 1521 elicuit,
881 1458 916 1511 ut
935 1468 990 1524 ea,
1023 1468 1102 1528 quoe
1122 1448 1208 1509 linita
1229 1448 1420 1524 extitissent,
1447 1470 1498 1512 aa·

416 1554 479 1617 rina
510 1553 664 1634 adeoque¹
677 1554 849 1616 contrariae
870 1553 1080 1634 proprietates
1108 1569 1184 1632 prae
1205 1569 1240 1614 ee
1261 1551 1348 1615 ierrc
1367 1554 1498 1616 indicari

417 1664 590 1738 oporteret:
1045 1704 1050 1714 .

500 1762 604 1840 Atque
631 1761 709 1822 llaec
731 1760 854 1839 quidem
882 1759 922 1820 de
951 1746 1067 1820 moaoia'
1095 1766 1189 1838 atque
1208 1756 1380 1819 rationibus
1402 1759 1501 1822 dhae-

417 1866 519 1927 rulene
547 1864 700 1935 attiliciet,
729 1864 840 1940 quibua
866 1869 970 1923 moun
999 1861 1088 1927 Plelo
1117 1880 1170 1922 ena
1197 1862 1393 1940 potissimum
1420 1862 1502 1924 entia

418 1968 499 2029 liniti
520 1968 649 2044 virtuter
671 1964 892 2037 consideravit,
914 1983 990 2043 quae
1012 1964 1252 2044 eupraaidimua
1272 1965 1311 2027 alr
1331 1983 1502 2027 eonomine

418 2090 486 2132 cnm
509 2068 682 2130 numilitate
702 2084 772 2128 eoae
793 2067 1028 2147 perreatigatno.
1072 2070 1140 2145 Qna
1154 2068 1500 2149 qrridemdlaputatione

418 2181 524 2235 nonlra
548 2173 608 2233 etri
629 2188 691 2232 non
713 2187 819 2231 omnee
842 2169 1051 2233 dubitationeo
1073 2171 1209 2233 rnrblatne
1231 2189 1302 2234 eoae
1324 2171 1501 2251 nobiaper-

418 2277 587 2349 ardoinus,
609 2281 711 2335 tamen
732 2272 811 2334 illud
833 2280 918 2333 certe
941 2273 1101 2334 consecuti
1122 2274 1277 2350 videmur,
1301 2280 1342 2335 ut.
1356 2277 1425 2337 loeo
1445 2275 1503 2336 oln-

418 2379 596 2442 ecorleeimo
618 2376 777 2439 etmulti·
799 2376 937 2438 tenelrrin
960 2378 1096 2439 obducto
1125 2378 1251 2439 leodem
1279 2378 1395 2460 aliquid
1422 2378 1502 2441 lucie

410 2482 629 2544 'alluderiarnu
672 2478 795 2541 Vellem
818 2496 892 2540 rero
913 2498 1113 2560 magnopere·
1135 2481 1176 2542 de
1186 2480 1415 2561 Megaricorum
1437 2500 1501 2543 me-

418 2587 560 2664 ximeque
579 2584 715 2645 Zenonis
737 2582 897 2644 dlolectice
918 2585 1041 2646 ratione
1062 2585 1151 2646 nebit
1173 2586 1261 2664 plora
1281 2583 1501 2647 innotuissent.

418 2691 463 2751 lta
491 2691 573 2751 enlm
602 2694 783 2768 appeteret,
819 2688 879 2749 nini
905 2686 1016 2761 tollor,
1050 2686 1279 2769 Megaricorum
1308 2686 1501 2768 diacipllnam

419 2814 487 2865 cum
515 2792 721 2874 Pythagorica
746 2791 869 2854 ratione
892 2790 1067 2854 ortilicicae
1094 2792 1256 2855 conllatam
1283 2798 1332 2855 et·
1348 2790 1382 2851 ia
1406 2808 1502 2851 onum

419 2898 613 2962 coniunctam
633 2916 714 2962 eene.

861 3086 1068 3097 -ο-σ-ι--σ

752 3270 1249 3358 διιιιίίοἯΙ.ι

410 3444 468 3499 ¹lle
492 3444 630 3500 scientiae
653 3454 682 3501 cl
704 3448 881 3521 cognitionis
904 3449 1061 3522 generibus
1082 3450 1117 3504 ‘in
1137 3447 1307 3503 parmenide
1322 3447 1504 3508 constitutis.

507 3616 658 3692 Superest
683 3622 719 3677 ut
746 3616 787 3678 da
816 3624 975 3697 postrema
1002 3619 1162 3681 uuiverrec
1191 3617 1380 3697 qaraeetlooin
1408 3616 1506 3696 perti-

424 3717 492 3777 culn
520 3716 637 3795 aliquid
668 3719 832 3781 dicendum
854 3723 905 3784 ait.
949 3722 1117 3802 Explicatla
1140 3721 1219 3781 enlm
1242 3720 1376 3782 Uultatie
1398 3719 1505 3778 linitae

423 3821 594 3882 rntionilnua
615 3820 816 3887 Parmeniden¹
837 3845 904 3886 eom
926 3825 1046 3906 colligit
1066 3826 1112 3886 sic
1135 3827 1445 3904 calecamentum,
1470 3827 1506 3882 ut

422 3928 456 3980 et
479 3930 581 3985 mente
601 3924 734 4005 intelligi
761 3933 793 3988 et
811 3929 967 4008 opinione
993 3946 1146 4007 oenonquc
1167 3928 1287 4009 percipi
1309 3933 1341 3988 et
1363 3923 1506 3986 cretione

423 4025 571 4103 explicari
588 4033 698 4106 qrreatr
721 4049 799 4110 qnae
815 4033 917 4094 omnio
931 4033 963 4093 in
976 4051 1068 4093 noum
1089 4030 1169 4092 illud
1186 4030 1364 4112 primarium
1378 4026 1506 4087 minime

423 4148 594 4209 congruere
621 4129 654 4191 ln
684 4135 896 4214 superioribus
923 4135 1065 4197 vidimus.
1114 4135 1157 4195 lit
1191 4133 1270 4196 illud
1303 4130 1428 4209 quidem
1456 4132 1506 4192 vix

423 4237 497 4312 eget
516 4233 618 4313 eliqua
640 4236 865 4313 admonitione,
887 4238 939 4299 iric
960 4256 1084 4318 quoque
1100 4236 1327 4299 nontliaomom
1339 4232 1418 4303 illud
1432 4232 1508 4295 l’lnl·

424 4336 499 4398 lolel
521 4337 681 4402 decretum
705 4343 891 4424 respectui,
920 4361 958 4405 ex
979 4360 1041 4422 quo
1063 4340 1290 4402 nannetum
1311 4335 1426 4398 mentio
1448 4337 1508 4399 hu-

423 4458 531 4502 manae
552 4442 721 4523 cognitioni
741 4445 879 4506 subiecta
896 4464 967 4507 coeo
989 4445 1102 4520 voluit,
1125 4461 1204 4522 qnae
1221 4440 1507 4505 extitleoentlinite.

423 4540 470 4602 lle
493 4561 553 4621 orna
574 4563 610 4604 re
631 4548 703 4624 qrria
724 4548 799 4610 actio
821 4548 938 4610 dictum
961 4553 1011 4611 cat
1031 4548 1091 4610 alio
1113 4547 1200 4622 loco,
1222 4547 1367 4609 noluimus
1389 4543 1509 4605 frastra

423 4652 585 4725 repetere,
622 4666 701 4724 quae
722 4648 891 4732 unicuique
913 4652 1081 4732 legentium
1107 4649 1160 4715 illo
1186 4657 1298 4732 opunte
1317 4650 1351 4710 iu
1370 4650 1506 4709 mentem
