3775 5442
624 534 649 585 0

416 634 458 695 ω
746 628 832 687 Liber
853 630 974 704 primns,
1016 626 1117 687 Sestio
1140 627 1175 688 ii.

416 810 481 865 tum
504 802 593 864 idere
614 799 775 880 dispersos
795 818 831 860 oo
849 800 944 862 reinti
965 799 1184 861 disseminatae
1204 797 1399 875 viderentur,
1431 806 1500 863 tum

415 907 517 987 ipsum
538 922 593 964 eus
615 922 720 978 mum,
742 904 827 982 quod
848 903 1006 965 mordicus
1029 903 1194 978 tenebant,
1217 903 1445 966 distraheretur
1466 910 1501 966 et

417 1009 505 1090 sponsi
530 1007 762 1068 diiseersretnr.
817 1006 935 1067 iisrum
974 1012 1077 1067 sutem
1113 1006 1254 1067 idesrum
1290 1007 1500 1086 cognitionem

415 1112 550 1174 bnmsno
577 1109 679 1171 culmo
701 1111 882 1189 contingere
909 1108 994 1170 bend
1024 1109 1090 1171 scio
1111 1128 1150 1169 en
1170 1110 1282 1171 iisdem
1304 1119 1502 1191 rrgumente-

415 1216 553 1278 tionibus
581 1213 796 1275 demonstrare
822 1213 923 1274 consti
953 1213 1031 1283 sint,
1061 1214 1173 1292 quibus
1195 1212 1327 1275 Eleatici
1348 1214 1430 1275 entis
1452 1215 1500 1277 sui

414 1319 557 1382 notitism
585 1316 815 1378 conflrmsmmt.
859 1315 1002 1394 Quodsi
1028 1315 1074 1375 its
1102 1321 1167 1391 est,
1198 1317 1332 1379 cuiusvis
1361 1319 1499 1381 notionis

415 1419 618 1506 gencrriioris
640 1418 778 1500 speeiem
792 1419 925 1499 aliquem
943 1436 1053 1479 revers
1065 1426 1171 1481 ertone
1183 1420 1358 1499 pntsverint
1371 1440 1500 1486 neeesse

416 1534 483 1602 est,
505 1543 584 1605 quse
604 1524 644 1585 sd
666 1541 761 1583 unrrm
781 1521 860 1583 iilud
882 1539 1034 1583 summum
1056 1521 1230 1584 referretur
1251 1529 1284 1584 et
1305 1522 1337 1585 in
1359 1542 1394 1585 se
1415 1531 1501 1588 esset

415 1648 477 1691 uns
498 1634 591 1709 etque
611 1627 763 1690 sbsoiutr.
805 1624 841 1686 in
862 1642 925 1703 quo
948 1624 1009 1686 sibi
1030 1625 1087 1687 visi
1107 1633 1181 1687 snut
1195 1626 1384 1706 eliquentum
1398 1629 1499 1690 sPis-

416 1733 498 1793 tonis
520 1731 673 1792 sententie
694 1727 891 1802 diremisse,
914 1730 1028 1809 quippe
1050 1747 1142 1806 quem
1163 1730 1406 1807 putsrentidess
1427 1752 1499 1796 suss

415 1841 570 1912 temqusm
593 1851 697 1893 rernm
720 1830 907 1910 exemplario
924 1831 1059 1905 erebus
1081 1832 1284 1896 terrestribus
1306 1841 1497 1915 segregetur,

415 1946 519 2000 umen
540 1935 580 1997 sd
602 1952 653 1996 res
675 1933 733 1994 sub
755 1949 865 1994 sensus
883 1933 1030 1995 cedentes
1044 1933 1225 1999 detrusisse.
1267 1936 1361 1998 certe
1374 1939 1500 2017 quidem

415 2039 608 2104 Pomenidis
637 2036 691 2097 ius
721 2034 763 2096 de
797 2035 937 2095 idearum
971 2035 1150 2116 cognitione
1184 2038 1372 2118 disprrmtio,
1407 2058 1499 2121 quem

415 2144 509 2207 modo
532 2138 744 2221 exposuimus,
766 2137 968 2201 vehementer
988 2139 1117 2215 sordet,
1139 2141 1264 2204 utbsne
1277 2142 1500 2208 foisseeorum

415 2247 592 2328 opinionem
614 2242 835 2304 existimemus.

500 2348 565 2410 Sed
592 2364 632 2407 ne
660 2350 779 2405 temere
806 2338 847 2405 de
874 2343 924 2405 bis
952 2345 1047 2407 rebus
1075 2345 1219 2410 bsriolsti
1240 2365 1311 2410 esse
1330 2348 1500 2427 videsmur,

416 2470 598 2533 quemquem
627 2449 724 2508 muitc
750 2447 812 2509 boo
839 2446 871 2508 in
899 2466 1016 2528 genere
1041 2451 1108 2511 sois
1136 2453 1278 2526 nituntur
1304 2455 1500 2528 coniectum

415 2574 473 2636 sge
492 2552 570 2615 iliud
592 2552 726 2632 primum
746 2551 872 2613 iirmsre
893 2552 1084 2632 srgomentis
1105 2570 1268 2630 eone-ur,
1291 2557 1375 2637 quod
1391 2557 1501 2638 Mege-

387 2660 498 2739 ,rieos
526 2655 659 2716 dmbnus
686 2655 771 2717 iuxts
798 2673 867 2715 eum
896 2654 1026 2718 Plutone
1054 2655 1141 2717 idens
1168 2674 1238 2718 esse
1259 2661 1414 2723 strtuisse.
1457 2663 1501 2723 Et

414 2763 467 2823 irie
483 2826 488 2836 ,
503 2759 628 2840 quidem
671 2766 743 2820 onte
780 2759 882 2819 omnis
920 2760 1189 2821 commemorando
1231 2769 1280 2825 est
1324 2765 1499 2825 acutissime

416 2862 693 2928 Schieiermoeheri
717 2862 983 2943 coniecturs,q11i
1003 2864 1037 2926 in
1058 2864 1200 2926 Prooem.
1223 2866 1263 2926 sd
1284 2866 1498 2928 (iermsnicsm

415 2968 582 3049 Sophistee
594 2967 747 3030 Pictonici
759 2967 1047 3045 interpretationem
1064 2989 1093 3047 p.
1109 2969 1171 3029 lot
1181 2988 1227 3046 sq.
1251 2972 1425 3049 suspicatus
1439 2977 1497 3043 est,

414 3073 576 3135 Pistonem
590 3071 728 3151 Sophist.
743 3089 771 3147 p.
785 3068 857 3129 eto.
871 3068 906 3128 B.
920 3088 988 3147 sqq.
1022 3071 1252 3149 biegsricornm
1270 3072 1442 3132 doctrinam
1455 3076 1497 3134 ob

415 3179 523 3240 oeulos
544 3175 691 3237 habuisse
704 3175 747 3248 ·).
792 3170 853 3247 Qui
869 3170 955 3229 iocus
972 3169 1083 3249 dignus
1098 3177 1148 3232 est
1161 3180 1196 3232 ut
1209 3172 1381 3232 excutiatur
1392 3176 1498 3252 pneriio

415 3278 602 3360 diligentius.
651 3273 841 3334 Ersminrnit
867 3271 912 3331 ibi
941 3271 1057 3352 hospes
1084 3274 1259 3350 Eiestieus,
1294 3294 1384 3354 quem
1408 3278 1498 3340 Pisto

415 3385 619 3475 disperentem
636 3374 822 3449 introducit,
845 3380 983 3435 veterum
998 3375 1272 3457 philosophorum,
1294 3380 1498 3458 Parmenidis,

414 3479 629 3563 Empedoclis,
657 3479 824 3552 ileruciiti‚
858 3479 958 3539 torius
988 3480 1028 3540 de
1055 3501 1093 3542 eo
1121 3483 1205 3561 quod
1234 3502 1305 3546 esse
1333 3485 1497 3547 dicendum

415 3588 456 3650 sit
478 3585 650 3665 opiniones.
693 3585 762 3661 Quo
784 3581 867 3643 iacto
889 3583 1092 3662 progreditur
1112 3585 1152 3647 rd
1174 3606 1245 3663 eos,
1277 3588 1330 3667 qui
1351 3589 1392 3648 de
1413 3588 1497 3651 iilius

413 3696 523 3752 nsturn
544 3686 645 3748 minus
667 3687 825 3747 subtiliter
845 3684 1006 3765 disputare
1028 3690 1165 3765 soleant,
1188 3694 1381 3771 qrrsntumvis
1400 3693 1439 3754 do
1460 3713 1497 3755 ee

413 3813 451 3854 re
478 3793 619 3872 ingentes
643 3789 744 3850 cicant
770 3806 887 3868 pugnes
914 3796 1007 3868 etque
1036 3798 1270 3857 controversiss.
1314 3797 1393 3858 Esse
1415 3797 1497 3856 enim

415 3897 491 3958 dicit
518 3893 684 3975 quosdam,
722 3892 774 3970 qui
801 3891 894 3967 nihii,
930 3893 990 3954 uisi
1023 3896 1106 3974 quod
1134 3900 1276 3961 sensibus
1304 3905 1497 3961 contrectare

415 4001 521 4073 licent,
543 4016 618 4059 vere
640 4014 711 4057 esse
733 3995 923 4069 existiment,
945 3998 1080 4077 ideoque
1095 4003 1190 4081 σῶμα
1213 4010 1245 4063 et
1267 3998 1383 4065 οὐσίαν
1402 4021 1494 4061 ιιιιιιιιι

414 4103 560 4182 idemque
587 4119 657 4161 esse
686 4100 746 4161 sibi
772 4099 992 4179 pemnssertnt
1046 4102 1164 4164 Contrs
1192 4105 1268 4167 elios
1290 4111 1494 4180 escensuri,

415 4207 469 4284 spui
496 4204 642 4264 adversus
670 4205 749 4265 istos
778 4204 956 4265 cautissimo
987 4225 1061 4267 sone
1083 4209 1212 4270 consilio
1236 4209 1322 4287 qussi
1344 4208 1383 4269 de
1406 4210 1495 4272 coeio

415 4307 664 4387 deproeiientur,
687 4307 802 4386 quippe
823 4300 952 4385 νοητὰ
975 4300 1085 4372 ἅττα
1109 4303 1379 4389 καὶᾰσώματα
1403 4309 1466 4374 rto*
1474 4338 1495 4392 η

415 4479 621 4488 ·-.-.--—-—-

484 4562 511 4624 *)
529 4559 706 4610 Antisthenen
732 4559 810 4608 simui
835 4562 937 4620 notari,
966 4563 1088 4615 similiter
1112 4562 1145 4611 de
1169 4560 1211 4614 iris
1227 4562 1308 4614 rebus
1326 4572 1495 4627 statuentem,

417 4628 493 4678 tacite
512 4628 610 4694 turpior
628 4628 694 4680 Ven.
714 4627 815 4699 din-spis
834 4629 934 4681 Histoe.
955 4631 1053 4683 Pbiios.
1073 4630 1095 4699 ᾖ
1112 4629 1176 4682 tit.
