3775 5442
379 661 441 721 llh
702 655 787 715 Liber
808 658 926 732 prinaua.
969 653 1071 713 Seotio
1093 653 1125 713 V.

379 827 554 891 concordia.
605 824 696 904 Quoal
723 825 819 904 igitur
847 824 877 885 ln
909 824 1037 885 Timaeo
1072 826 1216 907 legimur,
1249 824 1408 884 materiam
1437 844 1454 883 a

378 929 531 1011 principio
560 928 764 989 immoderate
792 929 991 990 flurotnantern
1019 949 1036 988 a
1064 931 1124 991 deo
1147 928 1248 990 lorma
1268 931 1361 1005 atque
1383 927 1455 1004 lege

370 1053 449 1095 aare
462 1038 613 1106 ornatam,
635 1033 719 1092 idem
738 1031 770 1091 in
785 1030 916 1092 Philebo
930 1029 1112 1092 breuiahime
1129 1031 1172 1090 ita
1193 1028 1397 1110 rigaltioatun
1421 1036 1454 1088 ut

379 1156 482 1198 rerum
504 1135 686 1197 universitas
709 1135 831 1195 dicatur
854 1153 873 1193 e
895 1133 975 1194 liniti
995 1139 1029 1193 et
1049 1134 1161 1193 inliniti
1184 1142 1293 1193 natura
1319 1149 1377 1212 per
1398 1151 1454 1191 nu-

379 1239 470 1299 mlnia
492 1238 587 1299 diuini
607 1238 789 1318 sapientiam
810 1238 842 1298 in
865 1256 960 1298 unum
981 1237 1142 1297 coniuncta
1162 1236 1309 1298 extitisse.
1353 1237 1454 1314 Atque

370 1340 427 1403 hia
444 1341 567 1419 nunidem
581 1342 655 1402 loola
676 1320 769 1419 qurum
792 1341 869 1417 nihil
892 1340 991 1420 poenit
1013 1359 1083 1401 erae
1105 1338 1294 1413 evidentiae,
1316 1345 1381 1399 tum
1405 1357 1455 1397 ao-

379 1445 463 1506 oedit
493 1446 583 1507 etiam
615 1445 793 1506 Aristotelia
821 1445 1004 1517 rumonim,
1040 1442 1093 1520 qni
1120 1433 1160 1502 τὸ
1187 1435 1327 1522 ἄπειρον
1356 1446 1388 1502 et
1416 1433 1454 1501 τὸ

369 1551 482 1629 πέρας
504 1548 579 1630 ἕχον
601 1549 641 1610 ale
661 1548 800 1610 Platonis
821 1547 975 1608 sententia
996 1565 1058 1606 non
1079 1545 1180 1606 aolnm
1202 1544 1234 1604 ln
1261 1542 1363 1618 ideae,
1398 1544 1455 1604 aed

378 1652 470 1712 etiam
498 1653 529 1711 in
559 1671 665 1714 rerum
693 1652 922 1712 unlaeaaitatom
958 1648 1055 1711 ooulla
1091 1648 1261 1708 subiectam
1291 1648 1455 1707 oonvenire

377 1772 439 1815 nnn
463 1774 523 1814 uno
546 1755 624 1816 loco·
638 1761 838 1816 aorrteatatur.
860 1755 920 1813 aial.
934 1752 1072 1831 Metaph.
1085 1750 1106 1811 l.
1123 1751 1152 1811 ll.
1169 1770 1198 1829 p.
1212 1750 1264 1812 tu.
1275 1751 1324 1812 eal.
1342 1751 1452 1812 urano.

379 1858 455 1920 thiu.
469 1857 592 1919 uiuo.
620 1856 713 1938 Phya.
727 1856 818 1917 itit„
848 1855 901 1913 ubl
928 1854 1007 1916 haec
1033 1856 1195 1933 legunturr
1233 1849 1358 1926 πάντες
1379 1847 1453 1937 yor'p,

379 1955 452 2023 ὅσοι
474 1959 629 2022 δοκοῦσι-ν
650 1952 832 2040 ἀξιολόγως
853 1945 1052 2044 alphabetis
1068 1950 1226 2032 τοιαύτης
1240 1955 1454 2043 φιλοσοφίας,

367 2063 576 2137 ,πεποίηνται
596 2053 698 2141 λόγον
718 2063 791 2141 περὶ
812 2061 873 2122 τοῦ
895 2055 1049 2144 ἀπείρου,
1071 2059 1127 2120 καί
1149 2052 1272 2130 πάντες
1287 2052 1331 2129 τίς
1345 2051 1455 2141 ἀρχήν

377 2181 455 2223 τινα
477 2149 617 2226 τιθέασι
637 2165 704 2226 τῶν
727 2155 850 2226 ὄντων·
879 2163 911 2224 οἱ
932 2164 1009 2242 μέν,
1033 2154 1137 2244 ίίςπερ
1161 2161 1192 2222 οί
1215 2153 1454 2244 Πυθαγόρα.οι

378 2265 434 2326 καὶ
458 2258 623 2345 Πλάτων,
651 2258 842 2338 καθἀὑτό,
874 2260 935 2347 οὐχ
957 2260 1001 2337 ὠς
1023 2255 1232 2345 συμβεβηκός
1254 2282 1321 2324 τινι
1343 2263 1454 2346 ἑτέρῳ,

378 2360 503 2439 ἀλλ’ὡς
524 2362 643 2430 οὐσίαν
664 2359 749 2429 αὐτὸ
770 2360 809 2431 ὃν
832 2361 870 2430 τὸ
892 2360 1046 2450 ι’ίπιιρον·
1079 2357 1166 2442 πλὴν
1188 2365 1219 2427 οί
1241 2363 1301 2446 μὲν
1329 2363 1453 2425 Πυθα-

378 2460 503 2548 γόρειοι
524 2471 559 2531 ὲν
580 2478 652 2544 τοῖς
674 2471 872 2548 αἰσθητοῖς·
906 2463 945 2532 οὐ
967 2458 1032 2551 γὰρ
1053 2459 1219 2554 χωριστὸν
1239 2468 1373 2530 ποιοῦσι
1395 2459 1455 2530 τὸν

377 2563 548 2651 ἀριθμόν·
571 2572 627 2634 καὶ
650 2566 735 2636 εἶναι
756 2571 791 2634 δὲ
805 2564 918 2650 rol-ign
940 2571 999 2632 τοῦ
1016 2565 1159 2652 οὐρανοῦ
1177 2559 1332 2653 ίίπειρον·
1362 2564 1453 2632 Πλεί-

288 2719 290 2724 .
377 2691 443 2733 των
465 2670 500 2734 δὲ
521 2667 580 2749 ἔξω
602 2671 661 2753 μὲν
683 2674 742 2752 (aa.
764 2671 824 2738 τοί
847 2669 1006 2757 οὐρανοῦ)
1036 2667 1131 2734 οὐδὲν
1153 2665 1356 2754 εἶναισῶμα
1378 2669 1454 2736 οὐδὲ

377 2763 440 2846 τὰς
467 2773 572 2848 ἰδέας,
606 2769 662 2837 διὰ
690 2770 729 2839 τὸ
757 2776 839 2858 μηδὲ
868 2797 933 2839 που
967 2769 1052 2838 εἶναι
1079 2768 1192 2846 αὐτάς.
1228 2765 1274 2836 τὸ
1308 2777 1454 2856 μίντοι

376 2867 556 2958 ἄπειρον
578 2879 645 2939 καὶ
667 2883 707 2942 ἐν
729 2889 820 2953 τοῖς
842 2879 1073 2954 αἰσθητοῖς
1095 2884 1151 2940 καὶ
1164 2879 1199 2940 ἐν
1211 2879 1346 2952 ἐκείνοις
1359 2872 1453 2942 εἶναι.

377 2978 464 3056 Quae
494 2999 587 3056 quum
619 2982 663 3043 ita
684 2982 762 3056 rint,
793 2981 970 3058 neutiquam
993 2986 1098 3058 pateat
1120 2999 1190 3042 eaae
1212 2981 1357 3056 dubium,
1380 2982 1452 3059 quoin

377 3073 419 3141 τὰ
432 3073 519 3141 ι’ίλλα
536 3083 584 3142 rol
602 3085 727 3163 trifinitio
740 3085 802 3146 rint
813 3084 863 3143 vel
875 3083 986 3161 finito.
1029 3082 1193 3144 Enimvero
1207 3088 1316 3144 natura
1327 3086 1453 3163 quidem

376 3201 431 3242 aua
453 3201 544 3259 qurum
568 3184 629 3244 rint
651 3185 784 3257 infinita,
808 3192 909 3244 tamen
931 3182 961 3242 ui
974 3177 1089 3257 οὐσίας
1107 3186 1139 3245 lu
1152 3187 1191 3247 iia
1205 3191 1354 3266 operante
1365 3185 1453 3245 linita

377 3285 520 3344 existunt.
570 3284 603 3344 ld
633 3287 715 3363 qnod
745 3287 1034 3367 ipael‘armenidea
1057 3287 1372 3364 pitanitium
1397 3291 1453 3352 oh-

376 3402 465 3447 aeine
493 3386 653 3465 signifieat.
707 3390 826 3467 Quodsi
852 3396 955 3450 antem
984 3390 1122 3468 quinaria,
1157 3370 1208 3471 qui
1238 3392 1361 3453 tandem
1388 3393 1452 3467 liat,

378 3495 412 3549 ut
433 3489 519 3550 rudia
541 3490 755 3571 indigestaque
770 3511 933 3571 corporum
956 3494 1055 3554 molea
1076 3494 1163 3553 linita
1180 3493 1346 3568 reddatur3
1367 3497 1451 3559 iatud

377 3592 501 3671 qrridem
523 3592 612 3652 Plato
635 3593 718 3656 efflei
739 3596 838 3656 voluit
858 3615 915 3674 per
930 3604 1070 3657 naturam
1086 3596 1241 3672 idearum,
1264 3616 1451 3678 quaequam

377 3695 535 3756 relationis
557 3697 617 3755 vim
631 3705 664 3757 et
681 3704 866 3777 potestatem
879 3699 1014 3759 habeant
1023 3700 1200 3778 propriam,
1222 3706 1339 3762 tantum
1353 3703 1451 3774 abeat,

377 3808 410 3857 nt
432 3799 463 3859 in
486 3800 680 3879 semetipsis
705 3801 937 3879 conquiescant,
965 3808 1001 3862 ut
1022 3809 1128 3863 mutuo
1152 3802 1248 3863 ad‘ao
1268 3803 1397 3865 invicem
1419 3810 1452 3863 et

376 3902 562 3963 nemetiam
591 3904 629 3963 ad
659 3923 823 3984 corporum
852 3905 1029 3966 tolerantur
1055 3907 1213 3968 materiam
1242 3906 1343 3982 iiaque
1365 3924 1450 3964 arram

376 4005 509 4083 ipsamm
531 4005 591 4064 rim
613 3994 1049 4086 naturamq'neimpertiaotur.
1095 4007 1184 4086 Quod
1204 4007 1328 4083 qmdem
1342 4007 1451 4067 decre-

376 4116 445 4169 tum
463 4106 573 4185 quibua
596 4109 711 4170 eauseh
739 4116 773 4170 et
796 4109 967 4171 rationibus
990 4110 1120 4184 nitatur,
1150 4109 1348 4171 ostendamus
1369 4109 1451 4170 inira

374 4210 469 4271 Libro
491 4211 628 4271 secundo
651 4211 795 4272 Sectione
816 4213 959 4274 reconda
1004 4214 1155 4290 Quocirca
1170 4212 1259 4273 Plato
1273 4215 1452 4274 κοινωνίαν

367 4313 525 4391 Ιοοιοιίοτο
548 4313 613 4375 aive
633 4309 773 4392 μίΰέξια
794 4313 931 4376 idearum
956 4316 1065 4377 tribuit
1086 4317 1138 4388 iia,
1161 4331 1239 4393 quae
1262 4314 1320 4373 auh
1340 4334 1451 4378 aenaua

374 4416 511 4477 subiecta
533 4419 622 4477 sunta
651 4413 735 4490 qnod
756 4419 913 4494 quomodo
935 4418 978 4478 ait
998 4417 1249 4494 intelligendum,
1271 4419 1347 4479 item
1369 4420 1451 4481 inira

374 4520 529 4597 oopioaiua
552 4517 763 4595 explicabitur.
806 4521 893 4581 Hanc
921 4525 1024 4580 autem
1053 4517 1152 4580 luiaao
1179 4521 1360 4603 philosophi
1380 4540 1450 4584 aen-

375 4623 521 4694 tentiam,
544 4639 644 4695 nemo,
660 4629 746 4681 certa
764 4621 967 4696 initiabitur,
989 4620 1043 4701 opti
1064 4620 1113 4682 nal
1136 4644 1229 4688 rmum
1251 4625 1449 4688 Phaedonem
