3775 5442
447 641 511 702 tlt)
872 630 957 690 Lilrer
978 639 1106 706 qtrsrtus.

450 831 511 894 quc
539 812 626 872 locos
653 808 810 869 inventum
838 805 887 878 lul,
917 802 1084 881 inquibus
1108 798 1535 861 Aristoteleshunclilrrum

451 917 492 979 ob
514 913 623 975 oculos
644 909 798 970 hsbtrerlt.
854 909 1011 986 Quorsum
1033 903 1190 983 pertinent
1212 903 1347 964 tortasse
1370 903 1462 964 etism
1485 905 1538 963 illc

451 1035 531 1098 quse
552 1012 676 1092 Pltysic
698 1011 720 1071 l.
743 1011 773 1071 8.
796 1029 825 1090 p.
848 1010 878 1069 u.
901 1009 951 1069 ed.
975 1007 1121 1086 Sylburg.
1146 1007 1306 1086 leguntur:
1334 1000 1466 1088 ἀνάγκη
1495 999 1535 1083 n>

452 1117 570 1200 λαβεῖν
591 1123 663 1187 τοῖς
686 1111 837 1194 λέγουσιν
859 1111 893 1173 ἓν
917 1102 956 1173 τὸ
979 1102 1019 1171 ὂν
1042 1104 1135 1183 εἶναι,
1168 1102 1211 1189 pn)
1236 1103 1341 1190 μόνον
1365 1107 1399 1168 ἓν
1421 1112 1536 1188 σημαί-

451 1242 520 1287 νειν
543 1213 581 1281 τὸ
605 1210 654 1291 ὅν,
677 1209 760 1277 καθ’
785 1202 823 1275 οὗ
853 1207 896 1276 cir
924 1210 1163 1300 κατηγορηθῇ,
1190 1203 1276 1273 ἀλλὰ
1306 1210 1361 1273 καὶ
1386 1203 1465 1296 ὅπερ
1490 1202 1539 1282 ὅν,

454 1324 510 1387 καὶ
533 1310 615 1401 ὅπερ
638 1322 680 1379 ἵν.
703 1305 743 1377 τὸ
766 1307 831 1399 γὰρ
857 1305 1067 1396 συμβεβηκὸς
1096 1311 1179 1374 καίν’
1203 1309 1418 1392 ὑποκειμένου
1447 1305 1540 1385 τινὸς

455 1426 595 1508 λέγεται,
618 1415 697 1492 ‹tt-rs
720 1405 747 1498 qi
769 1416 957 1498 συμβέβηκε
980 1409 1018 1476 τὸ
1042 1407 1090 1487 ὅν,
1113 1410 1172 1476 οὐκ
1196 1415 1306 1476 ἔσται·
1340 1419 1452 1500 ἕτερον
1474 1407 1540 1498 γὰρ

455 1531 516 1591 τοῦ
539 1517 655 1595 ὄντος·
678 1521 769 1581 ἔσται
794 1541 824 1581 τι
850 1511 929 1601 ἄρα,
953 1513 1012 1580 οὑν.
1036 1508 1083 1578 ὅν.
1119 1511 1157 1577 οὐ
1179 1508 1245 1597 γὰρ
1269 1511 1308 1594 δὴ
1333 1518 1424 1579 ἔσται
1449 1507 1541 1595 ἄλλῳ

454 1621 609 1712 ὑπάρχον
631 1616 671 1684 τὸ
692 1615 773 1705 ὅπερ
796 1613 844 1695 ὅν,
867 1617 906 1683 οὐ
928 1612 994 1702 γὰρ
1019 1619 1110 1679 ἔσται
1143 1609 1217 1680 ὄντι
1246 1615 1336 1698 αὐτῷ
1359 1613 1451 1680 εἶναι,
1481 1624 1541 1677 etc.

456 1727 520 1791 Nec
548 1726 648 1786 cliens
674 1730 748 1786 sunt
769 1724 823 1784 itta
853 1724 899 1784 lle
927 1721 1065 1799 Soplrist.
1090 1721 1219 1784 lllench.
1249 1741 1274 1782 c.
1297 1721 1351 1783 lli.
1375 1721 1425 1782 ed.
1455 1721 1543 1799 Sytb.

457 1824 545 1905 οἷον,
574 1826 652 1900 ἴσως
680 1818 720 1887 τὸ
750 1818 789 1886 ὃν
816 1818 838 1901 ἢ
869 1818 907 1886 τὸ
937 1823 972 1884 ἓν
1003 1816 1111 1883 πολλὰ
1143 1823 1303 1903 σημαίνει,
1330 1819 1416 1892 ἀλλὰ
1445 1824 1501 1884 καὶ
1526 1816 1543 1885 ὁ

456 1923 721 2014 ἀποκρινόμενος
756 1926 812 1987 καὶ
851 1923 870 1988 ὁ
908 1927 1040 2011 ἐρωτῶν
1069 1920 1185 2001 Ζήνων
1213 1926 1248 1989 ἓν
1275 1919 1424 2006 οἰόμενος
1460 1920 1544 1989 εἶναι

455 2027 622 2120 ἠρώτησε·
659 2029 716 2090 καὶ
739 2025 870 2091 ἕστινὸ
898 2023 1008 2110 λόγος,
1033 2020 1086 2089 ὅτι
1109 2026 1143 2088 ἓν
1166 2022 1291 2094 πάντα.
1313 2034 1346 2088 et
1367 2048 1393 2091 c.
1416 2028 1468 2091 28.
1491 2048 1544 2105 ση-

456 2142 552 2218 μεῖον
574 2130 608 2194 δὲ
630 2122 763 2203 τούτου,
787 2122 841 2191 ὅτι
863 2125 1032 2212 μάχονται
1055 2124 1217 2205 πολλάκις
1239 2131 1312 2215 περὶ
1334 2133 1402 2194 τῶν
1425 2125 1544 2212 ὀνομά-

457 2255 543 2299 των·
566 2228 654 2304 οἶον,
676 2224 820 2316 πότερον
842 2225 968 2295 ταύτὸν
990 2235 1145 2313 σημαίνει
1173 2224 1212 2294 τὸ
1242 2233 1275 2296 ἓν
1299 2225 1386 2294 κατὰ
1409 2226 1546 2296 πάντων

460 2337 516 2400 καὶ
539 2327 579 2397 τὸ
602 2328 658 2407 ὅν,
685 2326 708 2410 ἢ
729 2337 859 2415 ἕτερου
896 2342 969 2407 τοῖς
990 2334 1050 2414 μὲν
1073 2326 1138 2418 γὰρ
1161 2333 1252 2397 δοκεῖ
1274 2327 1400 2397 ταύτὸν
1430 2340 1545 2416 σημαι-

458 2538 584 2606 uicino
611 2533 727 2601 λύουσι
753 2532 857 2620 λόγον
887 2530 981 2624 παρὰ
1010 2531 1050 2600 τὸ
1079 2537 1256 2620 πολλαχῶς
1286 2538 1476 2626 μαίνεσθαι
1507 2532 1546 2601 τὰ

460 2641 496 2707 ἓν
524 2639 688 2723 λέγεσθαι
716 2638 772 2701 καὶ
800 2633 841 2701 τὸ
869 2643 914 2702 ἕν.
980 2639 1096 2702 Verum
1132 2641 1253 2702 etiamsi
1287 2659 1436 2720 nusquam
1466 2643 1548 2723 spurl

459 2742 663 2808 Aristotelem
685 2740 778 2805 liuius
799 2743 874 2804 libri
899 2742 1018 2804 mentio
1046 2742 1217 2818 inficiatur,
1240 2750 1342 2804 lamen
1365 2763 1403 2805 ex
1424 2745 1485 2814 lroc
1506 2745 1547 2806 sl-

460 2847 557 2909 leotio
580 2863 671 2906 nemo
695 2844 788 2923 poulo
810 2846 995 2926 prudentior
1016 2843 1099 2905 ellici
1122 2845 1253 2924 putabit,
1276 2853 1311 2907 ut
1333 2847 1373 2905 de
1396 2846 1464 2909 eins
1485 2848 1549 2908 fide

460 2959 495 3012 et
516 2948 702 3010 auctoritate
733 2954 835 3009 sctum
856 2968 927 3011 esse
957 2948 1147 3008 credendum
1169 2950 1220 3023 sit,
1249 2949 1432 3028 praesertim
1455 2969 1548 3028 qurum

460 3052 516 3114 ille
537 3070 555 3110 s
576 3049 804 3110 recentioribus
832 3049 1001 3112 Platonicis
1033 3055 1198 3132 tantopere
1226 3053 1268 3113 sit
1295 3053 1485 3126 celebratus,
1515 3058 1549 3113 ut

462 3154 504 3214 tls
526 3153 593 3211 eius
615 3157 743 3210 auctore
764 3169 920 3231 nimquam
942 3155 1086 3215 rideatur
1115 3174 1184 3216 esse
1207 3157 1390 3217 dubitatum.
1435 3157 1549 3234 Quum-

463 3271 555 3331 qusm
584 3250 664 3310 euim
692 3250 835 3313 Plotiuus
856 3272 927 3317 eum
958 3257 1055 3316 semel
1077 3262 1213 3332 tuntum,
1244 3258 1381 3319 Euueed.
1404 3257 1441 3318 V.
1467 3258 1495 3333 1,
1518 3258 1548 3334 8.

464 3352 592 3416 disertis
612 3352 718 3415 verbis
739 3364 903 3432 memoret,
926 3364 1031 3418 tumen
1053 3358 1187 3438 plurime
1210 3380 1248 3420 ex
1269 3379 1307 3421 eo
1331 3360 1433 3420 ltcusit
1454 3366 1488 3420 et
1509 3359 1550 3420 ed

462 3476 531 3519 rom
559 3474 646 3515 suum
674 3459 842 3526 transtulit.
908 3460 971 3521 Sed
1001 3468 1128 3540 praeter
1155 3463 1226 3523 illos
1261 3462 1448 3524 mentionem
1482 3464 1549 3524 elus

463 3559 582 3621 iscium
612 3555 733 3618 Gellius
760 3559 796 3618 N.
826 3561 862 3623 A.
906 3563 958 3629 Vl.
984 3564 1033 3626 lt.
1077 3562 1258 3626 Macrobius
1286 3564 1439 3626 Ssturnsl.
1467 3567 1489 3627 l.
1521 3565 1548 3625 l.

464 3658 626 3738 Diogenes
648 3656 757 3723 lace'rt.
770 3661 821 3723 lli.
840 3662 892 3724 25.
920 3664 1074 3745 Origenes
1096 3668 1161 3728 adr.
1184 3669 1309 3730 Celsum
1332 3668 1409 3731 Vlll.
1433 3689 1462 3749 p.
1475 3668 1549 3730 748.

465 3761 619 3844 Syuesius
640 3760 731 3822 uton.
753 3780 784 3842 p.
806 3765 857 3826 85.
881 3766 931 3828 etl.
953 3767 1061 3844 Turn,
1090 3770 1153 3830 alii.
1208 3768 1342 3832 Videtur
1369 3778 1472 3832 temen
1501 3790 1550 3830 ar-

464 3865 603 3946 gumenti
626 3865 800 3927 obscuritas
832 3867 993 3944 effecisse,
1022 3877 1057 3929 ut
1088 3870 1157 3931 iere
1185 3872 1223 3931 sb
1253 3873 1292 3933 ils
1319 3879 1439 3934 tentum
1467 3881 1550 3934 tere·

464 3973 570 4038 retur,
608 3967 660 4049 qui
693 3967 812 4029 vellent
847 3969 878 4030 iu
907 3971 975 4049 ipss
1002 3970 1222 4051 philosophice
1254 3976 1431 4037 Platonicae
1458 3977 1551 4057 adyto

464 4071 648 4146 penetraret
671 4070 710 4130 sb
734 4069 813 4145 eliis,
837 4072 890 4150 qul
912 4074 954 4133 nil
978 4073 1038 4134 nisi
1061 4093 1189 4137 veneres
1211 4079 1361 4140 orstiouis
1384 4084 1416 4138 et
1439 4080 1550 4138 dictio-

465 4170 513 4230 nis
542 4168 638 4230 flores
659 4178 861 4249 venerentur,
900 4174 971 4238 iere
998 4178 1210 4258 negligeretur
1239 4186 1271 4240 ct
1293 4181 1427 4244 intectus
1454 4183 1552 4244 reliu-

465 4277 622 4349 queretur.

551 4373 637 4435 llsec
673 4377 748 4436 sstis
783 4385 876 4438 erunt
906 4382 944 4440 nel
979 4382 1126 4443 tuendum
1162 4384 1235 4446 lllrrl
1270 4387 1483 4468 iutegritatem
1520 4392 1552 4449 et

465 4476 696 4551 suetudinem,
730 4497 819 4556 quum
847 4480 920 4542 ideo
948 4482 981 4542 iu
1016 4482 1135 4547 tranlis
1169 4490 1376 4567 suspicionem
1412 4498 1550 4554 vocsttm

465 4590 536 4635 esse
563 4577 768 4652 arbitremur,
809 4583 879 4659 quis
913 4583 1074 4647 universae
1115 4588 1295 4668 scriptionis
1336 4599 1550 4675 ergrrmeutnm
