3775 5442
471 666 514 730 92
797 664 882 724 Liber
904 666 1023 743 primas.
1066 664 1164 725 Sectio
1187 664 1234 727 ill.

342 896 345 901 .
469 838 590 921 igitur!
622 852 725 898 nonne
750 836 843 898 etlam
872 836 1033 899 Platonem
1062 837 1103 898 de
1128 838 1208 900 ideis
1229 840 1294 900 auria
1316 835 1459 899 similiter
1480 853 1552 897 aen-

471 942 551 1004 sia'aa
576 940 738 1020 probabile
766 946 830 1015 eat,
862 939 1044 1019 praesertim
1071 960 1165 1020 quum
1193 941 1273 1003 hanc
1295 940 1454 1003 doctrinae
1475 955 1552 1000 suae

471 1050 597 1135 partem
619 1062 654 1104 er
682 1043 889 1104 Eleaticornm
917 1042 1039 1122 placitis
1061 1064 1131 1106 cum
1152 1044 1358 1127 Pythagorica
1386 1050 1420 1103 et
1440 1041 1552 1103 Socra-

470 1148 533 1210 tica
553 1126 675 1209 ratione
697 1145 880 1209 consociatis
900 1146 1042 1208 hauserit
1062 1148 1113 1209 vel
1134 1147 1345 1229 expresserit!
1389 1146 1452 1208 Sed
1475 1146 1553 1206 haec

470 1249 646 1312 observatio
670 1267 762 1327 qurum
781 1248 858 1310 illud
881 1256 1000 1311 tantum
1013 1250 1137 1323 doceat,
1160 1270 1220 1330 quo
1240 1249 1438 1311 alsaummus
1450 1247 1552 1328 philo-

467 1352 587 1434 sophus
609 1350 642 1413 ln
662 1351 748 1413 illam
769 1352 811 1413 de
831 1352 912 1414 ideis
934 1354 1119 1419 sententiam
1133 1354 1310 1428 devenerit,
1330 1358 1397 1413 tum
1409 1351 1553 1411 aliaaunt

466 1454 664 1545 ¹argumenta,
699 1454 811 1536 quibus
838 1458 867 1516 ei
896 1454 958 1518 hoc
980 1456 1139 1519 decretum
1166 1455 1326 1535 proprium
1348 1454 1460 1517 iulssc
1467 1452 1553 1514 iaclli

466 1561 596 1651 negotio
627 1558 755 1621 eruas
804 1556 938 1618 Etenim·
955 1557 1128 1621 nniversam
1157 1557 1297 1621 Platonis
1325 1558 1496 1620 doctrinam
1524 1559 1550 1617 ai
1585 1546 1593 1573 ⁸

467 1664 669 1745 respicimus,
701 1644 785 1722 haurd
806 1660 871 1722 ¹scio
894 1680 932 1722 an
953 1662 1084 1722 veritate
1105 1659 1185 1723 ideis
1207 1666 1316 1740 erepta
1336 1661 1476 1722 loturum
1498 1659 1550 1732 sit,

470 1772 506 1828 ut
526 1770 625 1828 tolum
640 1764 710 1827 iere
721 1763 806 1826 illius
821 1762 995 1825 aedilicium
1010 1770 1160 1844 protenus
1174 1769 1316 1825 corruat:
1342 1764 1427 1844 qnod
1439 1764 1550 1824 mirum

470 1864 600 1933 e'stab·
615 1868 654 1931 iia
681 1867 824 1928 omnibus
851 1865 967 1946 negligi
995 1867 1151 1946 potuisse,
1188 1866 1240 1946 qul
1266 1866 1336 1929 ilias
1364 1873 1552 1929 ocnsuemot

440 1972 547 2034 mnu
575 1988 644 2033 esso
671 1968 755 2030 aliud
783 1968 844 2030 nisi
870 1969 1082 2049 generaliores
1109 1972 1253 2032 notiones
1280 1968 1388 2032 animis
1408 1968 1551 2031 humanis

438 2138 442 2147 ,
469 2074 637 2154 impressas
665 2071 810 2149 omnique
837 2079 977 2135 camatea
1004 2081 1129 2135 externa
1150 2075 1291 2136 veritate.
1334 2073 1456 2152 Quippe
1477 2072 1551 2133 aub-

468 2178 533 2240 lata
558 2172 611 2240 llla
637 2174 778 2235 funditus
806 2181 965 2237 evertetur
992 2177 1170 2257 pacissima
1196 2178 1355 2239 doctrinae
1372 2173 1551 2236 Platonicae

470 2282 559 2363 pars,
587 2296 666 2359 quoe
693 2282 741 2338 est
769 2277 810 2337 de
831 2278 994 2357 superiore
1015 2280 1186 2344 animorum
1206 2282 1285 2342 vita:
1318 2276 1449 2339 tolletur
1469 2276 1550 2337 item

470 2381 655 2465 cognitionis
677 2380 868 2442 sublimioris
891 2382 997 2463 origo,
1032 2386 1152 2464 qualem
1173 2384 1207 2446 ln
1228 2382 1372 2445 Phaedro
1393 2399 1431 2443 ac
1450 2377 1551 2440 Phae-

470 2490 553 2551 done
575 2482 928 2565 descriptam'legirnus:
958 2487 1100 2549 concidet
1111 2486 1321 2567 grauissimum
1334 2488 1550 2565 argumentum

468 2608 527 2673 pro
549 2590 719 2650 anbnornm
731 2576 992 2664 immortalitate,'
1004 2590 1131 2651 darcnrm
1142 2590 1220 2651 illud
1236 2608 1273 2650 ex
1286 2594 1427 2649 anteacta
1441 2605 1550 2648 comm

465 2694 531 2754 site
553 2700 585 2754 et
605 2690 743 2753 vedtatia
765 2699 909 2753 aeternae
931 2694 1208 2773 contemplatione:
1235 2690 1396 2752 auferetur
1416 2690 1550 2768 deniqne

469 2816 606 2861 sommus
628 2794 845 2875 philosophiae
866 2797 955 2872 linia,
978 2798 1032 2877 qui
1053 2798 1190 2859 cernitur
1210 2795 1242 2855 in
1264 2813 1317 2870 eo,
1340 2802 1375 2854 ut
1390 2794 1508 2854 animus
1531 2814 1551 2852 a

469 2886 610 2980 corporis
632 2900 814 2979 contagione
836 2900 1006 2980 sapientiae
1028 2921 1063 2960 ac
1089 2902 1212 2961 virtutis
1238 2898 1343 2960 studio
1366 2898 1464 2978 magia
1485 2916 1550 2956 ma-

468 3004 577 3084 §sque
598 3000 748 3063 liberatus
769 3004 884 3064 sensim
906 3004 1115 3089 paulatimque
1136 3020 1244 3063 ιιιιιιιι
1267 3002 1417 3063 evehatur
1432 3002 1471 3062 ad
1486 3001 1550 3080 pri-

468 3106 579 3168 stinam
608 3103 692 3165 illam
722 3112 865 3165 aeternae
892 3106 1030 3166 ueritatis
1068 3106 1262 3166 contuendae
1293 3102 1548 3166 consuetudinem

468 3214 561 3288 alque
582 3205 769 3266 facilitatem.
814 3208 898 3284 Quane
915 3207 974 3269 elai
991 3208 1072 3268 benc
1085 3209 1224 3270 novimus
1237 3230 1255 3270 a
1266 3209 1549 3288 Platonemagnam

467 3316 586 3392 partem
608 3306 651 3366 ita
673 3307 833 3386 explicari,
854 3314 890 3368 ut
910 3292 1075 3390 imaginum
1098 3312 1287 3389 poiticarnm
1309 3318 1415 3372 utatur
1428 3312 1550 3373 involu-

468 3414 547 3484 cris3
579 3420 682 3472 tamen
711 3412 762 3490 qui
790 3419 961 3473 aculeatam
991 3413 1051 3476 sibi
1073 3420 1289 3494 compararunt
1312 3414 1377 3477 eius
1407 3413 1549 3493 philoso-

467 3516 560 3597 phiae
581 3514 741 3588 notitiam,
763 3521 872 3575 ornatu
893 3522 1048 3596 tamquam
1071 3528 1158 3579 veste
1180 3520 1280 3599 aliqua
1298 3517 1549 3580 detractahaud-

468 3637 617 3698 qusquam
645 3622 790 3695 tanquam
818 3621 940 3697 poetico
969 3629 1141 3682 commenta
1169 3628 1202 3683 et
1229 3622 1345 3701 ingenii
1367 3622 1549 3685 lssxuriantis

467 3725 585 3784 somnia
605 3720 763 3800 repudiari
776 3721 870 3784 licere
884 3724 976 3787 laoile
990 3725 1170 3805 largientur.
1214 3725 1290 3786 Nam
1304 3734 1409 3787 emant
1423 3726 1549 3788 omnino

468 3827 611 3900 mirilice,
634 3825 688 3904 qui
709 3823 881 3885 isbuiarum
902 3829 1060 3890 involucra
1080 3849 1099 3889 a
1121 3829 1280 3890 doctrinae
1300 3827 1477 3891 Platonicae
1500 3848 1549 3890 se-

466 3930 596 3993 veritate
618 3948 747 4008 prorsus
769 3928 868 3989 aliena
890 3949 960 3991 esse
981 3931 1041 3993 sibi
1061 3940 1292 4012 persuaserunt.
1335 3934 1458 4013 Quippe
1474 3934 1548 4010 pod-

465 4036 561 4097 ticum
588 4041 657 4093 erat
682 4033 740 4094 siri
766 4033 938 4113 ingenium,
974 4033 1107 4114 ideoque
1141 4036 1174 4095 in
1201 4036 1363 4116 disciplina
1387 4037 1455 4096 elna
1481 4042 1547 4095 tans

466 4143 551 4199 arcta
572 4143 621 4199 eat
641 4136 831 4218 poeticarum
852 4136 1018 4216 imaginum
1041 4140 1134 4218 atquc'
1154 4136 1331 4219 dogmatum
1348 4137 1547 4201 cohaerentia

467 4249 499 4303 et
521 4240 733 4314 necessitudo,
756 4247 791 4300 ut
812 4259 849 4300 ea
869 4259 888 4299 a
909 4259 943 4302 se
965 4240 1093 4303 invicem
1116 4241 1224 4302 diuelli
1247 4261 1282 4304 ao
1308 4239 1468 4322 segregari
1484 4259 1549 4302 non

467 4338 590 4407 omnino
614 4350 736 4424 queant.
761 4342 855 4405 ¹Nam
877 4343 993 4405 viribus
1015 4345 1127 4405 mentis
1149 4351 1242 4425 atque
1255 4344 1385 4407 rationis
1400 4343 1548 4406 latiscen-

465 4448 568 4523 tlbus,
590 4447 691 4511 sicubi
713 4446 869 4507 derebus
891 4445 1124 4510 sublimioribus
1146 4470 1183 4510 ac
1204 4448 1312 4510 divinia
1330 4447 1450 4527 agitur,
1471 4449 1548 4508 ima-

466 4550 591 4633 ginandi
620 4550 750 4613 facultas
781 4548 876 4610 veluti
905 4551 1033 4631 susscipit
1060 4553 1182 4613 illarum
1204 4558 1308 4634 partos
1331 4557 1365 4612 et
1386 4571 1466 4632 quae
1487 4570 1549 4613 una

467 4657 579 4715 mentia
606 4657 634 4714 vi
663 4654 826 4717 nonlicet
851 4655 1047 4734 perspicere,
1082 4655 1280 4738 dilucideque
1312 4658 1481 4739 explicare,
1511 4674 1547 4716 ea
