3775 5442
383 618 447 680 ott
684 579 786 674 'nitar
808 615 960 673 recundito.
1002 612 1104 672 sectio
1125 614 1148 680 Ι.

385 791 442 853 red
465 806 535 851 cum
563 806 600 848 ea
626 786 723 848 vetuti
751 785 933 858 condatum,
963 783 1155 866 mnqune
1176 785 1314 848 Platonir
1343 804 1469 868 quoqne

364 893 486 957 4ῐιιΙιιο
502 890 695 954 cententiam.
727 889 816 951 ideae
837 893 941 949 nutem
963 905 1035 950 eoae
1054 887 1133 950 nitati
1153 886 1237 949 titud
1257 889 1316 951 niai
1337 906 1468 969 genera-

383 998 481 1059 liore·
502 1012 608 1056 rerum
629 992 773 1053 notiones
803 990 912 1052 animle
943 992 1062 1055 uoatrio
1082 993 1266 1070 impressae,
1295 1010 1332 1052 ex
1353 992 1467 1071 quibus

384 1100 474 1162 Plato
488 1105 634 1177 unquam
649 1113 668 1155 e
681 1095 797 1157 numia
809 1095 964 1173 supremis
976 1110 1082 1155 rerum
1103 1093 1304 1172 ainguiarium
1325 1100 1467 1155 naturam

335 1272 339 1281 ,
385 1210 419 1264 ct
431 1200 584 1263 rationem
606 1197 759 1277 explicare
782 1204 914 1258 conatur¹
923 1196 975 1271 cit,
985 1201 1020 1255 et
1031 1197 1143 1275 quibua
1156 1194 1467 1278 morei'ythagoreo-

383 1290 453 1366 rur'n
469 1301 620 1365 tribuerit
641 1302 801 1363 unitatem.
845 1299 997 1379 Quocirca
1018 1299 1305 1361 interemtorum
1327 1299 1467 1365 Platona

384 1416 417 1468 et
438 1404 616 1468 Aristotelio
642 1402 719 1465 nihii
747 1401 933 1465 diacrimiuia
960 1400 1070 1464 atatnit
1093 1402 1291 1464 intercedere
1311 1402 1372 1464 nini
1393 1402 1466 1479 hoc,

383 1510 467 1591 qnod
494 1509 550 1570 itte
576 1507 616 1568 de
644 1507 725 1568 idcio
752 1525 810 1585 pro
838 1505 963 1586 ingenio
991 1523 1050 1569 ono
1078 1506 1200 1585 poiticc
1228 1504 1380 1581 diruerat,
1414 1506 1467 1568 hic

383 1615 466 1676 idern
499 1617 713 1692 argumentum
748 1608 833 1670 omni
863 1608 1030 1691 imaginum
1067 1613 1177 1671 onratu
1205 1614 1349 1689 tauqoem
1379 1616 1467 1673 vecte

382 1717 523 1778 detrecto
544 1714 650 1777 cobrie
671 1712 860 1775 tractaverit.
904 1712 1077 1792 Nemqnod
1100 1718 1219 1774 tantum
1239 1713 1325 1775 inter
1344 1719 1464 1775 utronn-
1498 1768 1501 1773 .

382 1838 444 1900 que
463 1817 625 1882 dimidium
653 1816 756 1877 locum
784 1801 901 1875 habero
928 1814 1078 1891 videatur,
1107 1815 1225 1878 iactum
1245 1816 1278 1878 id
1301 1835 1373 1878 coac
1393 1818 1464 1879 Ari-

381 1922 505 1985 stotelio
526 1919 677 1980 calumnia
698 1925 732 1978 et
754 1916 993 1991 obtrectatione,
1016 1916 1069 1996 qui
1090 1924 1161 1995 ucat
1183 1920 1302 1981 obitum
1324 1919 1463 1983 Platonia

380 2023 548 2106 Speusippi
570 2021 702 2102 gloriam
724 2020 757 2080 et
778 2018 994 2082 auctoritatem
1016 2022 1187 2083 remutatus
1209 2022 1462 2085 obscurissimum

380 2135 414 2190 ct
444 2126 662 2188 diiticiittmnm
691 2120 909 2204 philoropuiae
937 2119 1116 2185 Platonicae
1146 2125 1249 2186 locum
1281 2126 1464 2209 impugnare

380 2229 560 2293 inatitnerit.
615 2228 685 2291 iioc
712 2232 815 2288 autem
847 2224 878 2285 ei
899 2243 962 2286 non
983 2226 1152 2288 infeliciter
1172 2227 1217 2289 ait
1238 2229 1369 2291 necatore
1390 2246 1465 2310 pro·

379 2340 506 2416 pterea,
536 2329 620 2411 quod
649 2326 841 2409 Speusippus
871 2329 986 2409 nuqua
1011 2340 1139 2411 praeter
1166 2339 1301 2393 mentem
1324 2331 1463 2395 Platonis

379 2438 467 2499 ideae
488 2434 645 2496 voluerint
666 2449 736 2495 eoae
758 2435 883 2494 naturae
904 2452 964 2514 per
983 2450 1020 2497 oe
1040 2452 1181 2497 aeonum
1204 2434 1289 2496 aovi
1310 2454 1366 2496 aua
1387 2455 1462 2498 con·

378 2546 498 2602 atamen
520 2543 553 2599 ct
573 2536 655 2618 apud
679 2536 771 2597 deum
792 2534 879 2597 reiut
899 2536 1087 2601 habitenteo.
1132 2537 1283 2617 Quocirca
1304 2538 1460 2600 Aristote-

376 2644 440 2705 lem
462 2640 662 2705 coiiidiadmc
687 2638 721 2699 in
749 2638 937 2719 diepntando
967 2638 1029 2703 iroc
1056 2638 1187 2701 arttticic
1209 2658 1298 2702 urum
1319 2658 1400 2716 erae,
1423 2649 1460 2704 nt

378 2763 458 2828 qnae
478 2745 574 2809 aciret
589 2742 759 2823 Spemippi
777 2749 811 2804 et
832 2742 964 2805 aliorum
987 2760 1057 2806 coac
1078 2744 1213 2818 decreta,
1235 2760 1273 2803 ea
1292 2760 1352 2824 per
1372 2744 1460 2807 irau-

376 2851 450 2913 dem
470 2849 532 2931 ipat
553 2846 677 2910 Platoni
699 2846 881 2927 effingeret,
911 2865 1010 2926 aeque
1031 2846 1123 2908 huiua
1144 2846 1329 2909 maternam
1350 2847 1461 2911 coniu-

376 2959 444 3013 tarc
466 2953 643 3027 simularet„
669 2969 764 3031 quum
794 2957 897 3012 tamen
924 2966 992 3011 am
1021 2957 1054 3011 et
1080 2950 1231 3029 probaret
1253 2955 1286 3010 et
1308 2951 1346 3011 ad
1367 2970 1460 3014 anum

375 3055 538 3117 arbitrium
564 3056 698 3133 tingeret
725 3050 817 3131 atqua
838 3059 1017 3131 exponeret.
1066 3050 1124 3114 Hic
1151 3054 1330 3132 proemieaie
1352 3061 1385 3115 et
1406 3072 1459 3116 co-

374 3159 464 3239 piose
491 3157 653 3217 illustratio
683 3156 881 3217 doctissimus
908 3154 1014 3217 Abbae
1040 3154 1165 3215 tandem
1193 3156 1233 3216 ad
1262 3156 1360 3239 ipram
1382 3156 1458 3219 Par-

374 3258 507 3323 meridia
526 3257 625 3320 nortrl
647 3255 934 3335 interpretationem
956 3257 1145 3338 aggreditur.
1180 3258 1278 3338 Quam
1300 3262 1459 3341 quomodo

375 3378 434 3442 pcr
461 3366 566 3441 parter
595 3366 779 3440 persecutor
807 3359 864 3435 ait,
887 3378 1014 3422 narrare
1036 3362 1162 3442 longum
1185 3369 1235 3423 eet
1254 3380 1312 3424 nec
1333 3366 1458 3428 omnino

375 3465 592 3527 neceesarium.
637 3463 719 3525 Satin
752 3463 832 3525 enim
855 3464 917 3525 erit
938 3466 1134 3545 expoauiorc,
1167 3464 1241 3545 quid
1270 3467 1311 3527 de
1338 3486 1459 3529 summa

375 3567 548 3648 trgumanti
570 3566 761 3629 iudicaverit
817 3567 932 3630 Censet
953 3568 1049 3648 igitur
1069 3568 1310 3648 diapntationem
1333 3566 1458 3633 omnem

373 3671 492 3734 vernari
523 3672 557 3732 in
592 3670 780 3752 exploranda
812 3672 894 3734 entis
923 3674 1051 3735 notione
1078 3673 1297 3753 metaphysica.
1363 3674 1457 3751 Quod

374 3774 501 3854 quddem
521 3774 565 3837 ita
585 3773 656 3835 fleri
677 3774 861 3850 arbitratur,
892 3780 927 3836 ut
948 3792 985 3835 ea
1007 3783 1140 3855 quatuor
1161 3776 1337 3837 abactvatur
1356 3775 1455 3854 parti-

373 3878 443 3954 bua,
465 3896 594 3958 quarum
611 3879 716 3960 prima
737 3885 847 3959 agatur
858 3877 899 3940 do
918 3877 1037 3939 unitate
1047 3879 1206 3941 notionum
1219 3881 1454 3954 contractarum,

374 3978 512 4043 masada
524 3981 565 4044 de
581 3984 700 4044 unitate
720 3983 788 4063 ipra
810 3987 843 4043 ot
863 3997 967 4061 perae
988 3988 1136 4061 spectata,
1159 3984 1257 4045 tertio
1272 3980 1313 4042 de
1335 3981 1454 4045 unitate

373 4082 479 4145 habita
500 4072 589 4149 Entic
612 4087 748 4161 ratione,
777 4091 891 4168 quarta
918 4080 1053 4164 dentque
1074 4086 1115 4148 de
1135 4088 1255 4149 uniute
1275 4084 1380 4146 habita
1402 4104 1454 4148 ra·

372 4186 459 4247 tinne
480 4187 654 4252 Non-endo.
698 4191 859 4252 Summum
887 4192 991 4249 autern
1017 4189 1117 4251 totino
1143 4188 1215 4251 iibri
1243 4188 1335 4250 tinem
1357 4189 1390 4250 iu
1412 4208 1454 4253 eo

371 4290 509 4369 potitum
536 4308 607 4354 crae
633 4297 754 4366 cenaet,
784 4299 820 4353 ut
848 4296 995 4371 quantun
1015 4291 1161 4379 audiun·
1187 4296 1222 4352 at
1249 4294 1408 4356 commodi
1433 4312 1454 4357 c

371 4392 583 4474 distinguendi
603 4392 779 4458 aubtiiitate
799 4410 836 4455 ac
858 4394 1017 4475 diligentia
1037 4395 1069 4457 in
1092 4395 1329 4461 nortmanno
1349 4400 1453 4463 notio-

370 4496 461 4560 nibuo
482 4498 647 4573 redundet,
670 4503 813 4558 accurata
834 4497 1074 4563 demanatretur.
1097 4498 1299 4582 Haecjgitnr
1319 4500 1451 4565 Contine
1509 4522 1511 4526 ·

370 4599 412 4661 de
438 4600 630 4665 Parmenidi·
662 4607 843 4683 nranimento
874 4609 906 4663 et
934 4590 1115 4685 proponite,
1144 4622 1224 4683 qnae
1244 4622 1321 4669 nanc
1342 4605 1450 4697 negari
