3775 5442
420 690 425 702 ,
475 629 540 693 2⁰2
688 628 690 633 ’
811 629 897 686 biber
919 630 1036 688 tertiua.
1080 625 1178 685 Sectio
1200 626 1223 689 Ι.

478 803 577 864 tentia
599 801 802 881 discreparet,
835 800 923 862 Plato
946 797 1122 860 iaciendum
1143 798 1272 878 putarit,
1295 805 1329 858 ut
1350 797 1562 859 Eleaticorum

476 905 681 985 inprimiaque
708 904 899 966 Parmenidia
920 903 1072 963 rationem
1094 904 1298 980 cognosceret
1328 900 1500 964 atudioaiua
1516 900 1563 977 *1,

478 1013 572 1087 atque
593 1008 632 1069 ab
655 1025 693 1067 eo
715 1005 788 1067 lude
809 1012 966 1085 tempore,
1004 1022 1045 1064 ne
1066 1004 1105 1063 ab
1127 1001 1269 1064 Eriaticia
1293 1000 1472 1063 confutatur
1495 1022 1565 1064 eaae

477 1109 653 1182 rideretur,
682 1109 722 1169 de
751 1108 960 1170 fundamentis
983 1106 1144 1168 doctrinae
1165 1123 1239 1166 auae
1267 1104 1387 1166 firmina
1416 1105 1564 1168 iaciendia

478 1218 572 1292 atque
593 1211 835 1273 corroborandia
863 1212 1002 1291 cogitare
1032 1209 1145 1288 coepit.
1195 1210 1241 1269 Ac
1261 1208 1330 1268 lieri
1352 1227 1427 1270 eane
1447 1215 1564 1290 puteat,

478 1320 514 1377 ut
533 1315 590 1377 llio
611 1320 754 1394 tempore
777 1314 816 1374 ab
837 1312 970 1397 Euclide
997 1311 1126 1391 circaque
1148 1310 1363 1386 familiaribus,
1395 1313 1467 1390 quia
1488 1331 1565 1374 non-

479 1420 554 1481 dum
579 1420 612 1480 in
640 1416 812 1479 dialecticia
839 1423 907 1477 crat
936 1415 1012 1476 aetia
1041 1414 1246 1489 exercitatus,
1279 1415 1311 1474 in
1339 1415 1497 1494 anguatlaa
1524 1415 1567 1478 111

479 1523 635 1595 redactus,
658 1538 807 1599 quorsum
829 1518 967 1581 fortaaae
989 1525 1110 1598 spectet
1131 1517 1221 1591 illud,
1245 1517 1328 1596 quod
1351 1519 1383 1578 in
1406 1518 1564 1580 Parmeni-

479 1626 528 1688 dia
550 1623 701 1706 principio
724 1621 869 1685 Socratea
899 1621 970 1683 talia
993 1621 1165 1693 inducitur,
1196 1629 1231 1682 ut
1260 1620 1385 1682 iuvenili
1411 1616 1566 1684 madeatia

479 1745 516 1790 ao
535 1726 686 1789 facilitate
705 1724 833 1786 Eleatae
864 1724 1182 1804 acerrime-pugnanti
1204 1743 1263 1804 per
1284 1725 1386 1785 omnia
1406 1724 1566 1795 concedat.

478 1831 598 1895 Verum
624 1830 666 1891 de
693 1828 751 1888 hac
777 1848 814 1890 re
842 1829 981 1888 dicemus
1009 1834 1135 1906 postea:
1169 1845 1250 1888 nunc
1277 1827 1451 1888 inchoatam
1482 1827 1565 1889 iurat

478 1932 625 2014 peraequl
647 1932 864 1992 narrationem.
919 1931 1026 2009 itaque
1047 1930 1252 2011 plrilosoplrua
1274 1950 1367 2011 qurum
1390 1930 1564 2011 Megarico-

479 2055 549 2097 rum
577 2033 823 2095 dubitationibua
851 2033 1053 2094 veliementer
1080 2039 1251 2094 commotua
1280 2033 1461 2112 discipliuae
1489 2053 1566 2097 auae

343 2207 350 2223 ,
479 2138 632 2200 rationem
661 2135 806 2196 subtilius
832 2137 987 2214 explicare
1020 2138 1199 2215 certiusque
1234 2137 1425 2198 conatituere
1456 2137 1565 2200 decre-

480 2242 585 2315 111111,
607 2237 775 2317 longinqua
794 2237 850 2299 llla
870 2258 906 2300 ac
921 2239 1077 2314 diuturna,
1101 2234 1179 2318 quae
1196 2245 1268 2317 poet
1286 2240 1432 2319 suscepit,
1453 2240 1566 2303 itinera

481 2345 549 2408 eiua
571 2340 733 2405 concilium
755 2360 818 2402 non
838 2343 1085 2422 impediverunt,
1107 2342 1162 2404 aed
1186 2343 1299 2402 mirum
1322 2350 1468 2421 qnantum
1491 2362 1565 2406 cou-

480 2449 654 2509 llrmarunt.
707 2443 754 2505 lie
781 2464 842 2523 qua
861 2464 898 2506 re
929 2445 1074 2507 uolumus
1102 2445 1216 2506 iterare
1244 2464 1323 2524 qaruc
1350 2444 1496 2527 l’rolegg.
1525 2447 1565 2509 ad

480 2551 601 2614 Platon.
624 2548 718 2628 uper.
740 2547 779 2611 T.
799 2549 822 2612 1.
850 2568 880 2628 p.
904 2547 989 2610 xvll
1011 2581 1053 2594 —
1075 2548 1172 2612 xxu.
1204 2547 1415 2613 diaaeruimua.
1462 2551 1565 2629 Quum

481 2654 564 2717 enim
585 2652 778 2734 perreulaact
796 2653 828 2713 iu
851 2652 969 2714 ltaliam
990 2652 1182 2729 inferiorem,
1206 2652 1339 2713 amicitia
1359 2670 1427 2713 cum
1448 2651 1564 2732 Pytha·

480 2754 586 2838 goreia
607 2755 711 2815 iuncta
732 2755 955 2816 accuratiorem
977 2755 1166 2819 1111111111
1188 2755 1323 2817 familiae
1345 2755 1485 2818 notitiam
1509 2755 1564 2816 ad-

481 2864 574 2940 11111
596 2865 655 2933 111,
677 2878 767 2938 quam
789 2859 820 2919 in
841 2860 909 2937 ipaa
931 2857 1060 2920 Graecia
1082 2859 1211 2941 adipisci
1232 2860 1262 2920 ei
1284 2860 1431 2923 licuiacet.
1484 2858 1563 2921 Nam

481 2962 603 3024 etiamsi
623 2963 683 3023 iem
705 2969 777 3023 aute
798 2961 935 3023 Socratis
957 2968 1090 3023 mortem
1112 2962 1268 3025 Simmiam
1298 2970 1392 3042 atque
1414 2963 1563 3025 Cebetem

481 3065 601 3127 Thebis
630 3069 856 3126 commorantea
883 3064 1051 3139 audiverit,
1088 3069 1190 3126 tamen
1219 3084 1368 3146 utraquam
1395 3067 1564 3136 memoriae

480 3168 639 3247 proditum
660 3166 802 3243 legimus,
825 3184 895 3226 eum
917 3166 966 3228 lrla
989 3169 1118 3228 multum
1142 3168 1302 3231 debulaaec
1336 3172 1399 3233 imo
1426 3188 1464 3231 11
1483 3170 1562 3249 lpaia

482 3269 550 3331 eiua
572 3266 720 3344 operiam
741 3267 953 3328 verisimiliter
973 3269 1127 3344 coniicias,
1150 3289 1220 3332 eum
1244 3281 1355 3353 postea
1377 3273 1501 3334 demum
1523 3274 1563 3335 ad

480 3368 702 3432 accuratiorem
724 3369 959 3450 plenioremque
980 3370 1161 3452 disciplinae
1175 3375 1398 3457 Pythagoricae
1420 3376 1562 3438 notitiam

481 3472 669 3554 perveniaae.
735 3474 801 3536 Dici
830 3481 932 3535 autem
969 3491 1030 3535 non
1059 3483 1180 3556 potest,
1214 3487 1359 3558 quantum
1392 3497 1429 3540 ea
1460 3499 1496 3541 re
1522 3481 1563 3541 ad

482 3576 653 3639 doctrinam
681 3595 766 3637 auam
796 3577 1015 3657 perficiendam
1042 3587 1135 3659 atque
1163 3582 1416 3643 conformandam
1438 3583 1563 3646 adintua

481 3681 532 3744 ait.
574 3681 651 3743 Nam
673 3680 811 3742 veritatis
833 3682 950 3742 aemiue
972 3701 1065 3761 quum
1088 3684 1119 3743 lu
1137 3684 1403 3764 Pythagoreorum
1425 3686 1562 3748 decretis

480 3781 752 3867 plurimaridcret
773 3783 899 3857 inclusa,
921 3782 1074 3845 fecundus
1097 3786 1194 3865 ipaiua
1216 3789 1334 3850 animoa
1356 3795 1507 3868 protenua
1526 3809 1564 3849 ea

480 3890 526 3951 alc
553 3885 675 3967 excepit
699 3890 793 3964 atque
820 3885 915 3960 fovit,
948 3893 982 3948 ut
1009 3906 1070 3961 non
1096 3897 1226 3968 poaaent
1256 3910 1318 3952 rron
1346 3890 1467 3954 fructus
1488 3894 1563 3954 inde

479 3989 646 4071 provenire
678 4005 808 4069 proraua
843 3989 956 4051 eximii.
1021 3991 1171 4070 Quoniam
1206 4002 1308 4055 autem
1345 3994 1485 4056 doctrine
1522 3998 1562 4059 de

479 4094 629 4157 aciaatiae
654 4097 764 4153 natura
790 4098 882 4172 atque
910 4093 991 4154 111111
1019 4094 1115 4155 veluti
1137 4115 1190 4156 arx
1212 4101 1261 4157 cat
1282 4102 1375 4176 atque
1397 4105 1490 4177 ceput
1512 4109 1562 4161 to-

479 4199 542 4259 tiua
565 4196 632 4258 eiua
654 4195 851 4277 diaciplinae,
887 4195 982 4258 facile
1009 4202 1057 4258 eat
1084 4198 1125 4259 ad
1154 4199 1404 4277 existimandum,
1438 4220 1494 4263 cur
1523 4202 1562 4265 ad

478 4301 563 4361 illam
591 4298 786 4378 potiaalmum
812 4299 979 4361 ornandam
1002 4299 1041 4361 ab
1068 4318 1108 4362 eo
1137 4302 1314 4365 traductum
1336 4304 1388 4380 ait,
1411 4304 1562 4389 quidquid

476 4550 648 4669 *apuliae
671 4549 704 4600 al·
729 4568 760 4602 aa
785 4559 840 4603 tun
865 4553 991 4622 temporie
1019 4554 1118 4606 tactam
1142 4571 1215 4616 1111,
1252 4557 1434 4626 compluribua'
1456 4570 1562 4614 coarctat
