3775 5442
458 676 523 740 m
772 671 858 733 liber
878 672 1031 732 mutua.
1075 669 1174 731 Sestio
1196 671 1219 730 Ι.

457 864 547 910 mena
568 846 609 909 ala
629 846 754 928 reipsa
774 843 880 909 torcat
902 845 1062 925 cpiulcnea
1084 844 1168 907 lustu
1191 845 1323 906 maicrca
1344 841 1415 905 ilisa
1437 848 1470 904 at
1490 859 1540 901 ar-

457 957 615 1030 rogantes,
637 968 693 1011 cae
714 949 837 1031 penitus
860 949 1034 1010 evellantur
1054 954 1148 1027 atque
1168 949 1329 1011 tollantur.
1371 944 1539 1008 Enimvero

456 1053 645 1119 Aristotelea
666 1070 760 1131 quum
772 1050 949 1113 Parmenidi
970 1052 1011 1112 de
1031 1050 1154 1113 iudiciis
1175 1050 1255 1113 deu
1276 1047 1485 1131 pugnantibus
1507 1052 1541 1107 ct

457 1154 622 1221 contrariis
642 1155 845 1230 assentiatur,
873 1171 1066 1233 consequeus
1087 1174 1168 1230 erac,
1198 1160 1233 1215 ut
1255 1160 1318 1215 tam
1340 1152 1418 1233 ipsa,
1448 1168 1540 1231 quam

427 1258 572 1342 'cateri,
604 1257 657 1337 qui
685 1258 843 1337 colloquia
882 1257 1044 1331 intersint,
1079 1256 1196 1337 optima
1229 1273 1305 1318 saue
1339 1254 1541 1336 peria-uantur

455 1360 569 1424 nentia
596 1359 763 1435 medicina,
801 1379 896 1440 quum
922 1367 955 1421 et
982 1379 1039 1422 aua
1066 1380 1102 1423 re
1131 1359 1244 1421 inertia
1276 1359 1307 1419 iu
1341 1357 1541 1439 gravissimos

456 1482 583 1529 morea
616 1462 763 1524 iuciallaac
805 1456 940 1524 sentiant
973 1470 1006 1525 et
1048 1462 1271 1528 inconstantiae
1313 1462 1403 1523 iatius
1447 1466 1541 1540 atque

456 1542 684 1649 u'apruiemisa
720 1565 826 1630 icutea
867 1567 928 1648 ipsi
971 1566 1119 1648 indagare
1160 1562 1319 1647 cugaut'ur.
1389 1563 1455 1627 Nec
1494 1568 1541 1624 ta·

455 1688 529 1733 man
556 1669 714 1757 caatiguc
733 1671 949 1733 tautummodo
976 1670 1138 1733 Platonem
1165 1669 1303 1731 voluisse
1332 1674 1454 1743 censet,
1482 1668 1541 1730 aad

457 1773 569 1848 ctiam
597 1772 672 1853 quii
698 1770 769 1855 ipae
797 1772 838 1835 de
864 1773 959 1836 relus
991 1772 1215 1835 aParmeuide
1236 1758 1375 1834 'tractatis
1397 1772 1538 1845 sentiret,

455 1894 631 1959 mpcaerc,
672 1892 844 1957 quanquam
878 1897 949 1938 eum
977 1877 1074 1939 multa
1108 1877 1358 1957 syllogismorum
1393 1878 1541 1956 portenta

455 1976 661 2059 diaputatiuui
681 1978 883 2042 admiscuisse
903 1978 1065 2041 latendum
1086 1978 1137 2042 ait.
1165 1980 1211 2040 lle
1232 1999 1293 2060 qua
1312 1998 1351 2041 re
1370 1977 1449 2040 haec
1468 1975 1540 2039 iera

456 2082 595 2163 disputat
607 2083 653 2161 *).
701 2081 760 2143 liat
788 2081 841 2143 hic
862 2083 959 2158 urbia,
981 2080 1091 2161 iuquit,
1113 2089 1207 2162 atque
1228 2102 1333 2147 rerum
1354 2079 1538 2143 uniamus·

454 2184 594 2249 Plutonia
621 2184 738 2247 iudicio
765 2184 837 2246 idea
863 2185 967 2265 aliqua
986 2193 1123 2259 aeterua,
1154 2204 1233 2263 quae
1252 2204 1315 2247 nun
1337 2202 1392 2248 cua
1414 2182 1537 2258 dicitur,

455 2288 543 2351 uiua
572 2295 679 2369 partes
706 2294 780 2350 aunt
808 2306 915 2351 umues
943 2305 996 2351 rea
1018 2287 1262 2368 adspectabiles,
1285 2308 1353 2350 erm
1374 2289 1474 2370 ipsam
1496 2286 1537 2351 cb

454 2411 594 2456 csuaaam
615 2410 678 2455 uun
699 2392 783 2454 cutia
803 2392 987 2473 appellatae.
1015 2390 1282 2470 Quemadmodum
1304 2399 1408 2454 autem
1428 2410 1539 2454 uuum·

454 2495 601 2576 quoique
621 2512 685 2557 nou
706 2513 761 2557 eus
783 2494 824 2558 ad
845 2501 1007 2557 aeternum
1029 2496 1157 2575 aliquod
1169 2496 1337 2583 ¹exemplar
1357 2512 1538 2574 etpreaaum

454 2605 515 2673 eat,
537 2598 582 2659 ita
602 2601 688 2660 tutam
709 2596 761 2659 hie
781 2599 915 2661 mundua
937 2599 1048 2661 laaberi
1076 2597 1172 2659 debat
1192 2618 1250 2679 pru
1273 2582 1436 2661 simulacro
1459 2614 1537 2675 quu-

454 2701 526 2765 dam
547 2700 637 2763 iisse
657 2676 788 2780 panisus
815 2701 999 2779 ineffabilis,
1027 2709 1172 2764 aeternae
1194 2703 1353 2765 cuiusdam
1374 2700 1536 2781 aphaerac,

453 2806 529 2869 aclia
551 2804 664 2866 urentia
695 2804 790 2867 ueluti
818 2805 917 2867 oculis
937 2809 1186 2889 conspiciendae,
1209 2826 1287 2887 quae
1308 2797 1347 2867 τὸ
1370 2796 1474 2878 ὅντως
1496 2794 1538 2866 ὅν

452 2910 645 2991 appellatur,
674 2915 707 2968 et
734 2908 820 2969 cuiua
849 2918 921 2972 suut
949 2904 991 2973 τὰ
1014 2907 1119 2986 ὅντως
1141 2905 1234 2985 ὄντα,
1263 2910 1323 2970 huc
1346 2912 1395 2968 est
1416 2905 1538 2969 lurmae

452 3033 489 3075 ac
515 3012 635 3093 speclea
664 3015 820 3086 aeternae,
849 3019 1037 3091 constantes,
1060 3014 1279 3078 immutabiles.
1322 3010 1421 3080 Sicuti
1442 3011 1538 3090 igitur

452 3116 514 3179 hue
530 3121 659 3176 naturae
681 3112 757 3173 u'rbe
775 3131 883 3177 umnea
900 3135 953 3176 rea
973 3126 1139 3196 generatae
1158 3114 1472 3196 comprehenduntur,
1493 3116 1537 3175 ita

452 3219 584 3298 sphaera
610 3214 664 3275 illa
686 3214 844 3276 universas
865 3215 969 3292 ideas,
996 3237 1037 3279 ue
1064 3220 1124 3282 isac
1152 3221 1276 3301 quidem
1298 3238 1405 3282 rernm
1425 3225 1537 3281 natura

453 3324 593 3398 excepta,
621 3317 655 3377 iu
683 3335 719 3377 ae
747 3319 974 3397 complectitur.
1017 3323 1071 3398 ,Ea
1099 3343 1137 3387 ea
1162 3343 1237 3386 veru
1266 3324 1358 3384 etiam
1379 3323 1538 3387 simulacri

451 3425 561 3485 natura
584 3427 617 3483 et
638 3419 717 3480 ratic
740 3417 834 3482 facile
856 3423 1064 3503 cognoscitur.
1119 3425 1251 3488 cunstat
1272 3429 1353 3488 cuim
1375 3427 1427 3490 lule
1448 3446 1538 3490 mun-

451 3525 511 3589 ‹lua
525 3542 576 3586 ex
607 3528 733 3584 aeterua
761 3524 891 3604 quadam
921 3529 1070 3604 essentia,
1102 3548 1194 3610 quam
1220 3529 1410 3609 appellamus
1438 3538 1537 3594 mrte-
1606 3516 1612 3530 ’

451 3630 547 3694 alama
583 3645 662 3707 quae
690 3645 864 3709 quanquam
896 3649 1019 3693 omnem
1051 3635 1190 3697 continet
1216 3633 1404 3709 realitatem,
1432 3640 1537 3696 tamen

451 3731 576 3815 quirin
599 3750 634 3794 ae
654 3729 773 3791 infinita
795 3740 844 3794 est
866 3740 959 3813 atque
980 3735 1083 3799 iurma
1105 3744 1138 3800 et
1158 3737 1291 3799 terminu
1324 3738 1416 3817 plane
1438 3737 1536 3797 desti·

451 3844 536 3911 tuta,
565 3853 623 3916 per
648 3851 684 3896 aa
712 3834 780 3897 aula
811 3836 897 3897 nullu
929 3840 1024 3901 moda
1053 3848 1161 3921 puteat
1193 3841 1329 3918 discerni
1356 3846 1449 3919 atque
1479 3858 1534 3900 cc-

451 3940 568 4022 gnusci.
591 3936 654 4001 Sed
677 3943 803 4017 praeter
823 3942 983 4002 materiam
1005 3942 1089 4005 illam
1111 3944 1261 4008 inlinitum
1283 3943 1416 4005 muudus
1439 3943 1535 4004 etiam

332 4104 334 4106 ,
450 4064 502 4107 rea
525 4041 751 4122 adspectabilea
778 4041 890 4119 habet,
921 4044 1018 4108 ssuxaa
1045 4048 1171 4129 quidem
1199 4049 1270 4111 illua
1300 4050 1333 4107 et
1354 4045 1533 4122 mutabiles,

450 4167 559 4211 verum
581 4146 743 4208 distinctae
764 4151 867 4208 tamen
888 4155 922 4209 et
942 4147 1045 4212 iurma
1065 4151 1168 4233 aliqua
1188 4151 1356 4235 praeditas,
1378 4153 1414 4210 ut
1427 4149 1535 4211 claris·

451 4252 530 4316 simu
552 4255 709 4331 appareat,
731 4251 882 4313 infinitam
904 4252 991 4315 illam
1011 4258 1172 4318 materiam
1194 4255 1334 4318 terminia
1361 4272 1397 4315 aa
1416 4252 1534 4321 tutum

450 4373 522 4416 erae
543 4354 816 4435 circumscriptam,
838 4372 901 4416 uun
922 4356 986 4418 illia
1007 4356 1132 4438 quidem
1153 4358 1244 4421 variis
1267 4363 1300 4420 et
1320 4357 1533 4434 mutabilibus,

451 4457 509 4520 scd
536 4458 673 4520 aeternis
701 4464 735 4521 et
761 4458 1060 4538 cunatautilua,1ex
1086 4480 1147 4544 qua
1173 4482 1210 4526 re
1230 4462 1418 4549 intelligitur
1438 4462 1533 4527 inulas

521 4673 548 4739 *)
567 4674 630 4743 Pap.
648 4674 751 4747 litaqq.
