3775 5442
486 620 550 684 m
805 618 889 678 Liber
910 618 1063 679 secundas.
1105 619 1204 680 Sentio
1227 620 1249 678 l.

486 793 547 857 nini
566 790 659 854 simui
680 788 909 852 multitudino·
931 788 1096 869 concipias.
1139 791 1222 853 Ante
1243 794 1346 854 omnia
1367 794 1509 859 bilariam
1531 815 1569 860 aa

487 894 653 959 dividenda
681 900 746 964 αις
781 892 913 957 vidimus
938 892 1020 953 enirn
1048 910 1117 954 eam
1146 913 1185 955 ex
1214 896 1349 956 essentia
1379 903 1413 958 et
1432 899 1569 962 termino

486 1005 640 1063 constare.
683 995 854 1058 Multitudo
881 994 954 1056 hino
981 996 1119 1056 nascitur
1144 995 1262 1076 duplici
1281 1000 1412 1059 atione
1455 1001 1569 1064 Monac

486 1103 618 1183 primum
647 1098 680 1159 in
708 1097 785 1160 duaa
815 1106 921 1178 partes
949 1097 1138 1172 dissecatur,
1173 1119 1253 1179 quiae
1283 1100 1396 1162 iterum
1432 1105 1464 1165 in
1491 1104 1570 1169 alias

486 1207 585 1277 binas,
608 1208 641 1263 et
661 1200 750 1264 aieln
769 1201 932 1265 inlinitum.
958 1202 1045 1263 Hauc
1066 1202 1303 1265 disiunctionem
1325 1207 1482 1285 appeliant
1503 1208 1571 1268 dia-

486 1308 589 1372 lectici
610 1303 791 1367 methodum
814 1303 981 1377 dividendi,
1004 1324 1093 1383 quam
1116 1306 1267 1387 praecipit
1283 1308 1373 1369 Plato
1390 1310 1422 1369 in
1436 1307 1569 1372 Philebo

484 1432 517 1495 p
538 1412 592 1475 lo.
613 1407 722 1488 Stepb.
766 1406 834 1469 lloo
861 1407 943 1467 euim
973 1409 1067 1470 modo
1088 1427 1149 1471 non
1179 1409 1241 1471 iata
1268 1411 1434 1474 monadum
1461 1430 1570 1475 monna

486 1521 626 1587 tantum,
652 1510 708 1573 scd
737 1526 938 1588 unaquaequo
965 1529 1073 1573 monas
1103 1530 1163 1573 uua
1192 1518 1225 1574 et
1251 1514 1349 1576 multa
1378 1532 1448 1577 ease
1476 1514 1570 1577 simul

486 1616 630 1681 eilicitnr.
674 1612 784 1676 Altera
805 1613 927 1674 radone
948 1613 1069 1675 numeri
1091 1614 1204 1676 intinitl
1225 1634 1263 1677 ex
1284 1619 1418 1680 monade
1438 1619 1570 1698 gignian-

484 1728 548 1785 tnr.
591 1716 708 1779 Verum
736 1732 883 1777 numerus
912 1714 1001 1777 ideae
1021 1723 1072 1779 est
1093 1718 1195 1798 imago
1218 1725 1251 1781 et
1271 1721 1406 1796 aclrema,
1428 1729 1569 1803 praeter-

486 1842 577 1905 qaam
599 1821 683 1901 quod
707 1818 837 1898 quisque
858 1834 1004 1879 numerus
1026 1824 1076 1880 eat
1097 1819 1177 1883 idea.
1220 1823 1384 1886 Schemata
1401 1844 1476 1886 vero
1497 1842 1570 1889 osae

484 1928 625 1991 ideanam
648 1942 717 1985 eum
739 1940 886 1984 numeros
908 1928 974 1982 tuna
994 1923 1112 1997 literas,
1135 1925 1184 1985 vel
1207 1945 1245 1987 ex
1260 1926 1434 1990 Theaeteto
1455 1945 1486 2008 p.
1496 1926 1570 1991 1⁰8.

485 2031 592 2092 videre
624 2033 682 2089 cst
745 2024 914 2103 Postquam
948 2023 1115 2087 multitudo
1143 2035 1213 2090 nata
1242 2033 1308 2104 eat,
1343 2032 1443 2111 ligura
1475 2037 1570 2110 atque

486 2135 588 2195 iorma
616 2128 793 2193 ostenditur
821 2126 979 2203 monadis,
1015 2138 1118 2189 motus
1147 2134 1180 2190 et
1206 2129 1311 2207 quiea,
1343 2134 1513 2196 similitudo
1536 2140 1570 2196 et

485 2232 717 2305 dissimilitudo,
739 2230 931 2313 magnitudo,
953 2229 1100 2311 parvitas,
1113 2233 1292 2309 aequalitas,
1315 2242 1570 2317 eiectamque

486 2339 589 2403 omnia
609 2336 651 2399 ad
670 2335 833 2397 monadem
854 2333 969 2396 reierrl
990 2350 1083 2412 poase
1104 2333 1270 2415 intelliges,
1299 2338 1327 2398 si
1347 2337 1430 2419 apud
1450 2345 1486 2401 te
1504 2344 1571 2403 ata·

483 2442 600 2516 taenia,
622 2438 701 2501 hare
721 2456 783 2500 non
804 2454 876 2499 erae
896 2437 1086 2500 dominantia
1107 2440 1218 2513 verba,
1240 2442 1297 2502 sed
1320 2441 1476 2505 adornata
1498 2460 1570 2505 asse

484 2546 635 2609 idearum.
699 2542 745 2605 lta
769 2538 972 2603 Parmenides
999 2541 1095 2620 globo
1127 2543 1285 2604 schemate
1315 2564 1388 2606 naus
1414 2550 1481 2616 est;
1524 2546 1571 2607 ita

484 2648 575 2711 Plato
603 2644 746 2708 stabilem
775 2651 894 2706 motum
922 2646 1115 2725 exmgitavit,
1146 2646 1217 2724 quia
1239 2667 1339 2728 neqare
1359 2648 1490 2728 mgitari
1511 2667 1568 2713 ne·

486 2770 547 2833 que
568 2748 722 2812 enuntiari
743 2747 911 2829 quidquam
932 2753 1040 2827 potest
1055 2751 1173 2829 absque
1186 2751 1343 2812 sclaemate
1356 2772 1374 2813 a
1385 2752 1568 2817 dialecticla.

485 2857 556 2937 lpaa
587 2873 645 2915 vox
671 2853 744 2914 idea
771 2870 831 2913 non
853 2858 902 2912 eat
923 2870 998 2913 auae
1019 2853 1252 2932 significationis
1275 2854 1407 2919 domina.
1450 2856 1570 2939 Super·

484 2972 650 3024 vacaneum
682 2974 752 3019 ease
780 2956 940 3030 existimo,
977 2946 1134 3035 lugentem
1166 2958 1394 3019 multitudinem
1427 2960 1570 3025 iocorum

484 3065 724 3132 Platonicorum,
747 3061 858 3137 quibus
879 3076 917 3118 ea
938 3074 990 3119 res
1008 3059 1218 3133 confirmetur,
1242 3080 1432 3124 coacervare.
1454 3064 1568 3142 Atque,

484 3166 608 3228 naboe
628 3160 762 3232 mireris,
785 3165 907 3239 tempus
929 3158 1031 3240 ipsum
1053 3161 1155 3242 imago
1176 3170 1226 3224 eat
1247 3165 1455 3241 aeternitatis,
1483 3164 1568 3246 quoti

484 3268 534 3328 vel
555 3284 595 3326 ex
616 3264 746 3324 Timaea
767 3280 798 3340 p.
811 3261 863 3323 ne.
885 3261 995 3326 disces.
1040 3264 1132 3344 lingo
1154 3271 1196 3340 te,
1221 3276 1256 3329 nt
1283 3269 1385 3333 denno
1407 3269 1568 3332 Parmeni-

484 3367 534 3430 dia
554 3367 636 3428 hanc
664 3370 784 3446 partem
813 3364 921 3443 legana
942 3364 1035 3428 huus
1057 3369 1104 3430 rei
1125 3368 1278 3432 rationem
1299 3372 1426 3434 habena.
1470 3372 1567 3436 lntal-

482 3470 574 3553 liges,
597 3491 688 3551 qoam
711 3475 816 3542 acute,
845 3486 935 3547 qoam
958 3474 1046 3551 apte,
1068 3490 1120 3537 res
1141 3474 1360 3537 subtilissimas
1381 3475 1568 3557 imaginihus

484 3574 717 3638 obumbraverit
742 3573 842 3635 Plato.
899 3571 981 3635 Mihi
1009 3576 1089 3636 euim
1115 3574 1180 3640 hoe
1203 3577 1459 3643 iucundiaalmnm
1489 3598 1569 3659 opos

485 3679 628 3742 omnibus
656 3678 791 3737 numeris
819 3676 983 3739 absolvere
1011 3697 1072 3740 non
1098 3678 1568 3757 licat,ali11d,elmeminiatia‚

485 3779 648 3861 spectanti.
691 3778 761 3841 Hoc
782 3779 876 3841 liceat
897 3780 1031 3855 addere,
1055 3802 1135 3861 quae
1156 3783 1197 3845 de
1219 3785 1419 3847 universitate
1439 3790 1569 3847 aetam

484 3886 568 3946 dieta
595 3883 674 3957 sint,
710 3882 802 3943 etiam
831 3882 872 3943 de
897 3884 1036 3961 qualibet
1061 3886 1212 3962 morule,
1245 3888 1390 3981 inprimis
1420 3907 1495 3951 vero
1525 3889 1568 3951 dn

483 3987 600 4047 mundo
622 3984 699 4060 dici,
728 3984 781 4065 qui
807 3985 951 4047 idumea
972 4005 1033 4047 uuo
1062 3988 1161 4051 manlia
1180 3990 1232 4065 iit3
1262 3992 1355 4053 aliter
1380 4010 1416 4052 ac
1436 4009 1569 4064 monaa;

484 4096 534 4151 est
554 4091 636 4150 enim
659 4089 765 4163 aliter,
793 4086 901 4151 simloa
923 4091 1043 4153 aeterni
1062 4091 1188 4166 mnudia
1225 4100 1262 4155 ut
1282 4101 1440 4173 appareat,
1463 4094 1569 4156 omnia

483 4211 593 4254 rnraue
612 4192 707 4252 verba
727 4192 835 4255 amam
856 4193 1016 4275 propriam
1038 4212 1226 4275 monpmne
1247 4214 1397 4276 suamque
1423 4197 1569 4259 vim.“-

483 4294 615 4368 „Tertia
640 4293 825 4375 hypothecis
853 4315 908 4357 ena
936 4302 970 4357 et
995 4314 1058 4359 aon
1080 4315 1149 4373 ena,
1187 4317 1281 4361 arnum
1308 4306 1343 4361 et
1368 4318 1433 4363 non
1459 4320 1569 4376 naum,

483 4393 585 4455 ideam
612 4400 645 4455 et
670 4413 732 4457 uon
760 4398 861 4458 ideam
887 4399 993 4479 ponit,
1023 4400 1057 4462 id
1086 4407 1148 4475 eat,
1178 4400 1260 4462 hunc
1287 4401 1453 4479 muudum,
1483 4405 1568 4465 unde

484 4496 639 4556 eiticiatur
659 4505 691 4557 et
712 4500 855 4579 generari
869 4488 909 4561 'et
930 4501 1068 4578 interire,
1091 4520 1260 4583 omnesque
1281 4506 1470 4570 mutationes
1491 4508 1566 4586 pati.

484 4596 658 4661 ostendere
679 4602 810 4679 posthac
832 4602 896 4663 vuit
918 4602 1018 4682 Plato,
1041 4607 1090 4669 vel
1111 4607 1143 4668 ln
1157 4605 1206 4669 hia
1224 4609 1447 4675 mutationibus
1460 4630 1567 4672 rerum
