3775 5442
699 653 777 755 ¹m
804 651 1130 714 νιειιιτιιιοτιι
1406 659 1471 724 τοι

392 829 502 905 Φαίδρην
519 829 568 885 τοῶ
586 830 732 893 Πλάτωνος
753 828 889 901 βοῶντος,
910 827 929 883 6
946 828 1044 899 μίνάη
1062 830 1147 904 μέγας
1167 826 1273 906 ἦγεμῶν
1285 832 1349 896 Ζεὺς
1364 825 1513 908 πρῶτος91

389 931 543 1007 πορεύεται,
577 931 613 1004 τῷ
639 932 668 987 όί·
693 929 786 988 ἕπεται
818 931 930 1005 στρατιά
955 934 1030 987 θεῶν
1055 929 1103 986 καί
1132 931 1275 1004 δαιμόνων.
1306 932 1322 989 6
1340 936 1396 1010 γάρ
1410 939 1471 1002 νοῦς

387 1035 529 1101 πανταχοῦ
552 1036 599 1104 την
622 1034 826 1107 ἐπιστρεπτικην
852 1035 926 1096 τάξιν
952 1032 1041 1102 λαχών
1068 1031 1162 1107 άνόγει
1187 1032 1234 1088 καί
1257 1033 1341 1109 ἑαυτῷ
1362 1055 1473 1093 συνεπι-

386 1137 492 1212 στρέφει
513 1136 618 1192 πάντά
636 1134 778 1207 ἐξημμένον
804 1130 886 1190 αὐτοῦ
908 1138 1029 1209 πλῆθοςΙ
1059 1138 1116 1195 ἐπεί
1141 1134 1187 1191 καί
1208 1138 1239 1191 τό
1257 1140 1317 1195 νίον
1338 1133 1407 1194 εἶναι
1424 1141 1472 1195 τόν

386 1238 533 1311 Σωκράτην
553 1237 688 1309 οίμβολον
708 1237 765 1294 ἐστὶ
787 1243 833 1309 τῆς
856 1243 885 1294 ἐν
905 1242 983 1304 θεοῖς
1002 1238 1162 1313 ὑμνουμένης
1185 1239 1319 1308 νεότητος·
1347 1242 1395 1300 καί
1412 1243 1469 1319 γάρ

386 1334 470 1395 σάτόν
488 1340 534 1394 τόν
552 1341 607 1396 Δία
627 1339 675 1395 καί
690 1344 737 1398 τόν
755 1343 888 1398 Διόνυσον
912 1313 1014 1406 παῖδας
1032 1342 1078 1399 καί
1103 1343 1176 1405 νέους
1195 1336 1211 1410 ἡ
1230 1344 1363 1417 θεολογία
1384 1347 1468 1413 καλά’,

385 1442 434 1498 καί
450 1463 501 1519 περ
520 1442 579 1499 ὅντε
597 1444 660 1508 νίω,
682 1442 764 1514 φησίν
783 1442 800 1498 6
817 1432 930 1517 Ὀρφεύς
945 1443 988 1517 Ι)·
1017 1443 1065 1499 καί
1087 1437 1154 1507 όλως
1172 1445 1203 1499 τό
1223 1447 1316 1519 νοερόν
1340 1449 1420 1525 παρά
1437 1449 1469 1504 τό

384 1547 480 1615 νοητόν
505 1544 552 1601 καί
578 1547 655 1620 παρά
673 1546 704 1602 τό
730 1545 862 1620 πατρικὸν
889 1546 1108 1620 παραβάλλοντες
1132 1540 1201 1603 οἱίτω
1228 1549 1362 1604 καλοῦσιν.
1404 1545 1468 1618 ἦόί

383 1647 521 1718 ἐπιθυμία
543 1650 597 1703 τῶν
622 1649 670 1703 τοῦ
691 1647 811 1715 Ζήνωνος
834 1649 1001 1722 γραμμάτων
1026 1648 1102 1719 όηλοῖ
1127 1650 1294 1722 συμβολικῶς
1320 1649 1368 1706 καί
1393 1645 1469 1719 ὅπως

383 1751 414 1806 ἐν
435 1749 543 1812 ἐκείνοις
560 1750 594 1804 τά
614 1751 689 1826 τρίτα
707 1751 761 1805 τῶν
776 1747 805 1803 ἒν
823 1752 879 1814 τοῖς
890 1750 983 1823 μέσοις
998 1751 1220 1825 προβεβλημένων
1238 1748 1375 1823 δυνάμεων
1392 1755 1469 1827 μετά.

378 1870 427 1917 χει
450 1853 574 1926 πρῶτον,
606 1851 698 1909 ἔπειτα
720 1855 779 1917 ταῖς
806 1851 951 1928 άκρότησιν
973 1849 1061 1911 αὐτῶν
1088 1854 1250 1909 συνάπτεται
1275 1850 1323 1907 καί
1349 1857 1469 1911 κοινωνεῖ

384 1953 440 2006 τῶν
462 1948 549 2009 αὐτῶν
572 1956 688 2026 νοητῶν·
709 1957 743 2012 τά
762 1956 817 2030 γάρ
836 1957 985 2030 γράμματα
1009 1955 1158 2025 πολλοστὴν
1177 1952 1230 2023 ἔχει
1251 1955 1325 2016 τάξιν
1346 1952 1404 2011 άπὸ
1422 1959 1468 2027 τῆς

382 2052 542 2128 ἐπιστήμης·
564 2056 607 2114 όιό
628 2059 674 2116 καὶ
692 2059 709 2114 6
735 2060 879 2134 Σωκράτης
897 2062 926 2114 ίν
943 2059 1014 2121 τάξει
1032 2060 1149 2112 ποιεῖται
1167 2044 1213 2127 τόν
1231 2049 1337 2123 ῶνοόον,
1358 2061 1467 2133 πρῶτον

381 2159 431 2230 μέν
442 2161 471 2233 ²)
494 2156 583 2215 άκοίιει
603 2163 656 2215 τῶν
670 2162 849 2235 γραμμάτων,
871 2157 963 2217 ἔπειτα
984 2161 1104 2214 κοινωνεῖ
1119 2161 1172 2214 τῶν
1191 2160 1294 2232 λόγων,
1316 2158 1363 2214 καί
1377 2161 1465 2236 τρίτον

381 2262 452 2316 κατά
469 2261 535 2334 μίαν
557 2256 647 2327 αὖτοῒς
665 2262 810 2335 ἐπιστήμην
830 2262 989 2334 συμφύεται,
1031 2261 1078 2318 καί
1105 2264 1159 2338 γάρ
1186 2259 1242 2318 άπό
1264 2263 1314 2336 μὲν
1340 2266 1384 2334 τῆς
1404 2265 1465 2317 ἐπι·

382 2365 482 2437 στημης
499 2366 622 2439 πρόεισιν
643 2361 660 2418 ό
682 2365 776 2437 λόγος,
798 2367 851 2420 τῶν
869 2363 898 2419 όὲ
917 2366 1005 2438 λόγων
1023 2365 1122 2427 είκόνες
1144 2366 1176 2420 τά
1196 2365 1352 2440 γράμματα.
1387 2363 1418 2416 τό
1435 2361 1464 2418 όί

380 2465 442 2520 τότε
459 2469 566 2542 πρῶτον
585 2467 619 2522 τά
640 2468 786 2540 γράμματα
805 2469 971 2535 κομισθῆναι
991 2466 1066 2534 όηλοῖ
1086 2467 1116 2520 τό
1138 2464 1294 2540 ἱεροπρεπές
1314 2459 1402 2519 αάιῶν
1417 2461 1465 2519 καί

380 2572 542 2646 θεοπρεπές.
586 2569 613 2624 ίν
636 2569 690 2640 γάρ
716 2565 747 2641 τῇ
774 2561 850 2640 ἑορτῇ
874 2568 927 2621 τῶν
956 2565 1160 2634 Παναθηναίων
1182 2565 1336 2637 ίκόιόόμενα
1363 2567 1462 2637 κόσμος

380 2671 484 2747 γίνεται
503 2670 562 2726 ἀντὶ
582 2671 629 2726 τοῦ
652 2666 758 2721 πέπλου
777 2668 830 2721 τῶν
846 2665 1050 2734 Παναθηναίων
1070 2663 1101 2742 τῇ
1119 2669 1233 2743 θεωρίᾳ.
1270 2666 1316 2722 καί
1333 2666 1387 2740 γάρ
1406 2686 1463 2731 πως

378 2774 428 2828 τόν
450 2770 532 2828 αὐτόν
552 2772 605 2839 ἔχει
625 2765 662 2843 τῷ
681 2769 774 2841 πέπλῳ
793 2769 911 2822 σκοπόν·
935 2765 970 2831 ῶς
986 2768 1040 2842 γάρ
1063 2768 1080 2823 6
1098 2768 1199 2832 πόπλος
1218 2768 1334 2841 περιεῖχε
1355 2768 1401 2835 τήν
1418 2768 1463 2834 τῆς

374 2864 506 2941 Ἀθηνᾶς
532 2872 622 2940 νίκην,
652 2876 680 2928 ἐν
697 2856 715 2947 ᾖ
735 2870 897 2945 κατακρατεῖ
921 2869 1027 2923 πάντων
1051 2871 1103 2924 τῶν
1128 2869 1289 2945 διῃρημένων
1315 2862 1362 2918 καί
1385 2884 1463 2938 περι-

362 2972 500 3044 ·κοσμίων
519 2970 621 3040 αἰτίων,
643 2973 690 3030 καί
711 2975 816 3036 ἐξάπτει
831 2973 920 3027 πάντα
937 2973 986 3027 τοῦ
1009 2975 1126 3049 πατρός,
1147 2962 1215 3027 οῶτω
1234 2969 1266 3040 δὴ
1283 2967 1330 3023 καί
1350 2964 1509 3039 όλόγος92

377 3077 438 3130 πῶν
456 3075 487 3128 τὸ
507 3077 614 3142 πλῆθος
631 3079 685 3131 τῶν
703 3073 787 3129 ὄντων
806 3071 918 3150 ίξαρτᾷν
935 3075 1061 3147 βούλεται
1080 3076 1127 3131 τοῦ
1144 3078 1201 3139 λνός
1221 3073 1296 3137 ὄντος
1306 3113 1315 3138 ,
1342 3067 1390 3125 καί
1408 3066 1463 3123 δεί-

379 3198 473 3233 κνυσιν
491 3170 567 3240 ὅπως
584 3182 631 3233 τοῦ
654 3179 711 3242 ἑνός
728 3178 871 3253 ἐρημωθὲν
895 3175 1006 3243 ἀταξίας
1025 3178 1161 3254 πληρώσει
1184 3180 1215 3234 τό
1238 3178 1295 3233 πῶν
1313 3173 1360 3231 καί
1379 3171 1462 3239 ὅντως
1519 3211 1524 3222 -

382 3282 542 3351 Γιγαντικῆς
562 3281 720 3355 συγχύσεως.
762 3277 881 3352 τιοίμην
902 3278 919 3334 6
938 3284 1082 3357 Σωκράτης
1103 3277 1241 3335 ὑπόκειται
1262 3279 1320 3341 νέος
1337 3278 1393 3350 μίν,
1415 3274 1460 3331 ἵνα

381 3381 452 3454 πρός
474 3383 521 3451 την
542 3378 688 3453 ἀνάμνησιν
708 3377 882 3455 είκίνηιος3)
906 3367 923 3459 ᾖ
948 3386 1001 3438 τῶν
1020 3382 1119 3445 θείων,
1141 3376 1237 3451 εὐφυὴς
1258 3381 1300 3446 όό,
1327 3382 1372 3437 ἵνα
1392 3381 1460 3453 πρός

379 3483 428 3547 τάς
446 3480 564 3559 άπορίας
582 3480 654 3546 ὀξίς·
677 3485 747 3556 λέγει
764 3484 818 3558 γάρ
835 3480 917 3540 αὐτόν
935 3487 1035 3556 θαῦμα
1057 3484 1106 3556 μὲν
1125 3486 1275 3559 παρασχεῖν
1293 3479 1377 3555 ἑαυτῷ
1397 3479 1459 3558 περί

379 3588 428 3649 τάς
446 3586 515 3662 πρίν
541 3587 603 3649 τούς
621 3586 740 3653 Ζήνωνος
759 3586 857 3659 λόγους
870 3588 901 3660 ⁴)
921 3587 1052 3662 ἀπορίας,
1073 3581 1186 3651 εὐκόλως
1198 3588 1226 3660 ⁸)
1248 3587 1278 3642 όί
1302 3582 1348 3640 καί
1371 3580 1459 3640 άπλό·

380 3706 448 3750 στας
467 3690 608 3761 μετασχεῖν
626 3691 670 3757 τῆς
689 3690 741 3743 τῶν
760 3686 866 3771 άνόρῶν
886 3694 1037 3764 ἐπιστήμης.
1066 3687 1090 3743 εί
1107 3689 1136 3744 όί
1158 3688 1204 3746 καί
1226 3689 1243 3745 6
1263 3690 1361 3760 Ζήνων,
1384 3687 1460 3744 m
1555 3692 1562 3698 '

381 3791 462 3862 λόγον
480 3787 702 3865 ιίναγιγνάισκων,
726 3793 784 3854 πῶς
809 3783 842 3848 οὗ
871 3793 947 3864 όηλοῖ
966 3791 1013 3848 καί
1039 3792 1085 3848 όιά
1106 3794 1204 3849 τοίπων
1225 3794 1342 3865 τοῦμὲν
1362 3786 1459 3865 άνόράς

381 3889 412 3943 τό
432 3884 612 3962 είνποιητικόν,
641 3895 694 3948 τῶν
712 3893 741 3948 όὲ
762 3897 791 3949 ἐν
809 3896 886 3956 θεοῖς
904 3894 1053 3968 μεσοτήτων
1071 3897 1119 3961 τάς
1138 3896 1273 3969 δυνάμεις,
1302 3884 1341 3946 δι’
1359 3879 1395 3949 ῶν
1412 3889 1458 3946 ἓν·

379 3991 523 4061 φαίνουσιν
541 3996 642 4058 ἑαυτάς·
655 3998 711 4060 τοῖς
730 4000 864 4072 προςτχῶς
881 3999 982 4053 ἑαυτῶν
1002 3999 1198 4073 ἐξηρτημίνοιςς
1226 3979 1307 4050 σίνται
1324 3995 1379 4070 γάρ
1394 3997 1458 4049 λαυ-

377 4095 427 4158 τιίς
448 4097 620 4166 ἐκφαίνουσα
637 4100 746 4163 ἐκείνοις
771 4102 838 4155 κατά
859 4122 888 4155 τε
907 4103 941 4155 τά
963 4099 1060 4167 ἴσχατα
1085 4103 1186 4154 ἑαυτῶν
1204 4095 1251 4154 καὶ
1270 4098 1304 4152 τά
1321 4099 1390 4171 μάσα
1409 4090 1457 4149 καί

377 4198 412 4254 τά
437 4197 539 4272 πρῶτα.
582 4202 666 4256 ταῶτα
692 4201 722 4257 όί
750 4205 806 4257 ἐστι
829 4185 998 4276 συμβολικῶς
1024 4203 1059 4256 τά
1080 4203 1244 4277 γράμματα,
1267 4198 1293 4255 οἱ
1313 4193 1404 4273 λόγοι,
1425 4195 1456 4254 αἱ

448 4465 476 4533 λ)
494 4468 639 4517 Hermann.
660 4467 779 4536 Orphica
794 4467 861 4518 150⁷.
897 4499 931 4508 —
964 4467 993 4535 9)
1012 4469 1041 4520 C.
1059 4472 1160 4540 πρῶτον
1179 4470 1229 4540 γάρ
1248 4466 1344 4522 άκοτίει.
1360 4471 1395 4521 Ι).
1408 4476 1455 4541 μὲν

377 4552 439 4622 γάρ.
475 4583 509 4592 -
543 4554 573 4618 5)
592 4554 621 4602 Β.
642 4550 767 4620 ἀκίνητος.
803 4584 837 4595 -
872 4554 904 4620 4)
927 4555 959 4606 B.
985 4555 1047 4627 πρός
1069 4557 1119 4608 τοι]
1135 4554 1252 4624 Ζήνωνος
1269 4554 1385 4626 ἀπορίας.
1419 4587 1454 4600 -

376 4637 407 4701 13)
425 4640 456 4688 Α.
475 4638 586 4697 εἰκότως.
