3775 5442
864 558 888 601 η

487 656 552 717 28!
789 604 878 712 Litai
897 652 1050 711 mondus.
1094 650 1192 710 Suelio
1215 650 1264 710 ΙΙΙ.

487 844 550 888 non
571 827 690 886 nutum
712 840 770 904 per
791 842 827 886 se
848 830 1034 897 constantes,
1057 811 1162 885 serum
1185 822 1276 886 etiam
1301 821 1412 901 agendi
1431 820 1570 882 efficien-

488 930 583 1008 dique
607 927 637 987 vi
670 926 825 1007 pollentes
853 929 892 989 ab
915 946 953 988 eo
974 926 1136 987 informari
1156 945 1218 987 non
1238 925 1473 988 intellexissent.
1524 923 1572 984 Ex

488 1050 550 1113 quo
584 1030 718 1109 intelligi·
748 1029 857 1106 debet,
893 1030 1000 1110 qaronti
1034 1030 1111 1091 haee
1144 1028 1298 1091 dubitatio
1330 1026 1469 1089 Platonis
1505 1029 1572 1106 qui-

488 1136 560 1198 dem
582 1131 735 1197 sententie
757 1134 947 1196 aestimanda
968 1133 1026 1208 sit,
1048 1132 1110 1195 hoo
1132 1139 1192 1207 est,
1214 1151 1303 1213 quam
1326 1131 1404 1192 nihil
1425 1130 1522 1192 tribui
1541 1130 1572 1192 ei

490 1239 614 1303 debat.
1266 1251 1271 1273 ·

574 1341 712 1404 Similem
734 1339 852 1400 erroris
874 1357 1013 1401 caussam
1034 1338 1140 1414 babet,
1163 1340 1248 1419 qnod
1261 1338 1462 1400 Parmenides
1484 1338 1574 1399 dein-

489 1463 563 1525 eeps
576 1447 608 1523 a)
628 1441 805 1515 contendit,
834 1460 944 1522 magna
966 1443 994 1504 ai
1015 1446 1181 1504 naseuntur
1199 1442 1437 1523 magnitudine,
1474 1442 1573 1522 ipsam

489 1564 613 1628 qnoque
646 1543 865 1625 magnitudinis
899 1544 1001 1605 ideam
1041 1544 1252 1626 magnitudine
1285 1551 1481 1626 procreatum
1515 1545 1573 1621 iri,

488 1669 590 1732 eoque
618 1647 713 1710 modo
737 1647 901 1728 munium
923 1647 1077 1728 quendam
1109 1649 1303 1729 prodituram
1331 1667 1402 1711 esse
1430 1649 1573 1710 idearum

487 1750 709 1833 magnitudinis
731 1753 961 1828 teriemetque
983 1753 1113 1831 copiam.
1146 1753 1222 1814 Nem
1244 1752 1296 1833 qui
1311 1752 1372 1813 hoo
1388 1758 1572 1831 argumento

488 1847 638 1917 odaeum
653 1854 815 1915 Platonem
835 1845 886 1915 usi
907 1858 988 1928 snut,
1010 1852 1044 1914 ini
1064 1855 1150 1915 ideas
1172 1840 1294 1915 nouiaisi
1316 1855 1354 1914 od
1377 1855 1437 1914 alia
1458 1854 1573 1915 referri

488 1960 668 2029 voluerunt3
691 1958 865 2018 absolutam
889 1975 1002 2017 eorum
1017 1965 1167 2031 naturam,
1189 1977 1250 2037 que
1270 1957 1348 2018 nihil
1368 1957 1408 2020 iis
1429 1958 1573 2037 superius

488 2082 559 2125 enee
581 2066 697 2143 potest,
718 2063 817 2119 totam
839 2060 1041 2120 sustulerunt
1091 2053 1222 2140 Quippe
1243 2060 1392 2139 cuiusque
1412 2063 1459 2122 rei
1481 2081 1574 2123 unam

487 2170 606 2227 tantuin
639 2162 742 2224 animo
768 2162 926 2224 intuemur
948 2165 1099 2242 speeiem,
1122 2164 1315 2244 quantumvis
1338 2165 1367 2224 ei
1387 2165 1501 2225 multas
1521 2183 1574 2227 re-

487 2287 558 2330 rum
578 2267 780 2347 singularium
802 2274 908 2347 partes
928 2274 1023 2345 etque
1049 2262 1168 2330 formas
1185 2268 1409 2340 -tubiioinmuu
1427 2267 1575 2348 ideoque

488 2390 545 2433 neo
573 2370 714 2431 idearum
751 2371 783 2431 iu
810 2388 846 2431 se
873 2374 1083 2449 spectatarum
1111 2370 1201 2450 plura
1239 2377 1344 2431 extant
1375 2371 1573 2452 exemplaria.

468 2473 605 2536 ‘Audias
632 2472 734 2554 ipsum
765 2472 925 2535 Platonem
954 2473 1049 2536 Libro
1076 2473 1118 2538 X.
1147 2474 1187 2535 de
1213 2473 1293 2554 liep.
1324 2493 1354 2554 p.
1375 2472 1448 2537 did.
1467 2475 1502 2537 0.
1532 2474 1574 2536 de

487 2577 546 2639 heo
566 2595 603 2638 re
624 2576 839 2638 disserentem
860 2571 899 2637 ‘0
918 2577 979 2660 μίν
1001 2569 1041 2656 δίη
1064 2571 1160 2653 θεός,
1179 2577 1291 2659 inquit,
1311 2573 1376 2641 εἴτε
1396 2571 1456 2640 οὐκ
1478 2572 1572 2660 istod-

487 2680 575 2755 λιτο,
598 2675 662 2744 et't'a
683 2699 736 2752 τις
754 2672 890 2771 ἀνάγκη
912 2682 995 2760 ἐπῆν
1016 2671 1062 2764 μὴ
1085 2679 1186 2746 πλέον
1207 2672 1231 2759 ἢ
1252 2679 1335 2762 μίαν
1357 2681 1391 2743 ἐν
1410 2680 1451 2770 τῇ
1473 2673 1573 2768 φύσει

488 2776 757 2870 οἱπεργᾶσασθαι
779 2773 883 2846 αὑτὸν
903 2782 1035 2862 κλίνην,
1062 2777 1167 2860 οὕτως
1196 2785 1326 2861 ἐποίησε
1352 2783 1436 2865 μίαν
1462 2775 1571 2862 μόνην

487 2878 595 2964 αὐτὴν
610 2885 764 2962 ·ἐκείνην,
792 2876 812 2947 ὃ
839 2885 912 2949 ἔστι
934 2886 1040 2966 κλίνη.
1073 2881 1133 2950 do'o
1163 2886 1197 2950 δὲ
1219 2889 1375 2950 τοιαῦται
1395 2867 1418 2963 ἢ
1439 2883 1571 2960 πλείους

488 2981 563 3053 οὔτε
586 2981 825 3077 ἐφυτεύθησαν
852 2980 918 3051 ὑπὸ
941 2992 1008 3052 ποῦ
1029 2989 1116 3054 θεοῦ
1138 2982 1213 3053 οὕτε
1242 2981 1287 3072 μὴ
1310 2991 1487 3076 ηνῶσι-,
1509 2982 1572 3064 ὅτι,

487 3093 514 3154 εὶ
542 3083 602 3152 δύο
632 3082 740 3169 μόνος
770 3084 930 3167 ποιήσειε,
966 3086 1096 3155 πάλιν
1132 3085 1182 3156 oio
1211 3095 1286 3174 μία
1319 3089 1571 3180 ἀναφανείη,

486 3181 527 3268 ἧς
555 3194 677 3253 ἐκεῖναι
705 3183 749 3252 oio
780 3179 823 3252 αὖ
851 3185 1045 3276 ἀμφότεραι
1065 3213 1107 3254 το
1129 3187 1214 3268 εἶδος
1237 3196 1356 3278 ἔχοιεν,
1378 3195 1435 3258 καὶ
1457 3189 1505 3270 ein
1526 3185 1571 3257 dv

487 3287 508 3355 ὃ
529 3293 599 3354 don
621 3291 716 3368 κλίνη
735 3292 852 3368 ἐκείνη,
874 3288 953 3355 ἀλλ’
978 3289 1039 3378 οὐχ
1060 3296 1097 3356 al
1119 3291 1190 3360 δύο.
1204 3333 1244 3343 -
1258 3299 1368 3360 ταῦτα
1389 3287 1440 3374 δὴ,
1464 3291 1570 3378 οἶμαι,

487 3385 580 3468 εὶδιίς
611 3388 629 3456 ὁ
658 3386 758 3470 θεός,
791 3388 995 3477 βουλόμενος
1026 3391 1111 3461 εἶναι
1140 3391 1245 3474 ὅντως
1281 3401 1394 3479 κλίνης
1429 3392 1571 3478 ποιητὴς

487 3489 616 3570 ὄντως
656 3487 797 3576 οὔσης,
841 3491 950 3561 ἀλλὰ
990 3491 1041 3582 μὴ
1082 3501 1226 3580 κλίνης
1268 3496 1445 3577 τινὸς
1488 3501 1571 3584 μηδὲ

488 3594 733 3673 κλινοποιός
775 3623 898 3677 τις,
939 3604 1023 3684 μίαν
1045 3596 1142 3690 φύσει
1163 3597 1269 3682 αὐτὴν
1291 3605 1421 3692 ἔφυσεν.
1462 3605 1571 3687 ltaqaao

486 3703 761 3786 tegumentationis
790 3724 808 3764 n
836 3705 1023 3767 Parmenide
1050 3707 1117 3768 illio
1138 3709 1319 3788 propositae
1339 3709 1494 3771 ialieeiam
1516 3728 1570 3790 ep-

376 3818 379 3824 ·
487 3814 575 3889 paret
601 3810 706 3870 inesse
731 3806 762 3866 in
790 3825 846 3881 eo,
869 3809 954 3886 quod
975 3809 1062 3886 ipsae
1083 3810 1190 3886 ideae,
1219 3812 1360 3874 absolute
1382 3822 1492 3874 nature
1513 3831 1571 3906 sna

340 4693 398 4820 Ι

486 3912 625 3993 privatae
651 3916 685 3972 et
711 3909 743 3970 iu
774 3911 957 3972 inferiorem
980 3913 1126 3974 detrusae
1147 3915 1249 3976 looum
1277 3935 1401 3996 semper
1423 3935 1571 3977 annume-

485 4021 594 4079 rentur
614 4014 654 4076 iis
674 4014 789 4089 rebus,
821 4033 901 4094 quae
922 4015 998 4095 ipsis
1020 4019 1177 4079 subiectae
1198 4019 1316 4079 debent
1336 4038 1406 4080 ease
1430 4026 1464 4080 et
1485 4039 1571 4085 com·

485 4120 571 4182 muni
593 4138 699 4181 earum
719 4117 749 4178 vi
771 4119 933 4181 contineri.
992 4122 1082 4199 Quod
1106 4128 1298 4201 qurentopere
1319 4142 1337 4182 a
1358 4123 1497 4183 Platonis
1518 4143 1570 4183 ra-

485 4222 571 4285 tione
594 4221 778 4298 abhorrent,
808 4241 846 4285 er
872 4223 1065 4288 Parmenidis
1097 4227 1137 4287 de
1166 4244 1228 4288 uuo
1256 4226 1467 4307 disputatione
1495 4244 1571 4288 sane

486 4327 636 4406 eoliigere
656 4325 740 4387 lieet.
763 4327 953 4406 Quamquam
974 4333 1005 4390 in
1030 4351 1067 4392 ea
1088 4331 1179 4393 hunius
1200 4330 1248 4390 rel
1270 4339 1331 4391 uon
1354 4331 1394 4390 de
1415 4329 1571 4395 industrio

486 4429 602 4490 mentio
624 4414 770 4504 inlinitur,
794 4431 877 4517 quod
900 4432 1024 4500 Platoni
1046 4437 1145 4502 visum
1167 4440 1216 4498 est
1238 4452 1507 4522 supervacaneum.
1552 4471 1557 4484 ι

556 4648 582 4708 ⁸)
599 4647 627 4696 Ρ.
647 4647 708 4699 1:52.
723 4650 752 4704 A.
766 4649 796 4706 li,
