3775 5442
687 668 736 730 ιιι
764 626 1084 738 mmmm.
1241 742 1244 749 y
1356 671 1419 736 οω

346 846 380 902 τοί
400 846 468 903 κατὰ
489 844 519 902 τὸ
542 845 632 920 τρίτον
653 838 845 918 σημαινόμενον
863 842 915 901 τοῦ
934 845 1045 922 μέρους,
1067 843 1154 904 &niv
1174 844 1205 901 16
1228 841 1352 910 όπιοςοῦν
1366 868 1419 904 τισι

346 947 551 1020 συντεταγμένον
568 945 650 1021 μέρος
670 940 738 1002 εἶναι
757 941 855 1003 τούτου
876 947 956 1018 φησί,
984 928 1031 1005 καί
1053 946 1097 1005 διό
1117 947 1165 1018 τής
1186 947 1332 1015 συντάξεως
1353 951 1420 1006 έκεί-

344 1073 398 1108 νων
418 1044 649 1124 συμπεπλήρωται.
692 1048 739 1105 καί
759 1048 815 1126 γὰρ
835 1045 851 1120 ή
873 1047 999 1126 γραμμή,
1020 1049 1099 1108 καθό
1120 1048 1154 1108 ἄν
1173 1050 1292 1127 γραμμή,
1312 1047 1465 1117 πόντωςθῖ

345 1147 413 1209 ἄλλα
434 1148 468 1207 ἂν
488 1150 544 1220 ἔχοι
564 1152 643 1228 μέρη·
665 1149 742 1210 καθό
765 1153 793 1209 δέ
815 1149 851 1226 μή
872 1154 964 1230 πέρας,
986 1155 1168 1229 πεπερασμένη
1188 1152 1295 1221 πάντας
1315 1159 1344 1210 ἐκ
1358 1151 1422 1212 τσῦ-

344 1277 398 1311 των
423 1253 494 1311 ἐστίν
522 1251 557 1319 τίς
583 1253 809 1331 συμπληρωτικῦν
836 1251 939 1313 αιἰτῦν·
973 1256 1018 1314 διὰ
1044 1256 1098 1334 γάρ
1124 1256 1210 1315 ταῦτα
1237 1259 1421 1334 πεπερασμένη

346 1346 462 1416 καλεῖται
476 1351 521 1435 ¹)·
552 1357 706 1415 καὶταῦτα
726 1345 775 1414 σῦν
795 1355 985 1452 πεπερασμένα
1005 1342 1112 1436 λέγοιτο
1134 1354 1180 1430 όν,
1214 1360 1238 1418 εέ
1257 1362 1304 1419 καί
1324 1359 1360 1436 μή
1384 1359 1420 1426 οἷς

344 1460 462 1539 γραμμή.
483 1457 553 1538 πρός
572 1464 620 1537 μέν
642 1449 692 1519 οῦν
711 1458 810 1534 ταύτην
828 1454 878 1537 τήν
898 1460 1016 1541 οἷπορίαν
1034 1460 1120 1530 οὕτως
1139 1457 1353 1541 ιλπαντησόμεθα
1374 1462 1421 1536 τήν

344 1568 396 1625 τοῦ
415 1564 515 1643 μέρους
535 1562 717 1640 διαφορότητα
739 1562 911 1639 σημήναντες,
933 1566 981 1624 καὶ
1001 1563 1076 1632 ὅπως
1096 1562 1130 1623 ἂν
1144 1563 1250 1641 λέγοιτο
1271 1565 1353 1644 μέρος
1373 1566 1421 1622 καί

343 1669 359 1742 ή
383 1665 451 1746 σἰργή
473 1668 521 1726 καί
541 1665 572 1724 τό
594 1664 669 1733 τέλος
689 1670 803 1735 ἐκείνου,
824 1673 852 1725 έν
873 1656 894 1745 ᾧ
915 1675 980 1728 έστι.
1002 1663 1074 1727 καθ’
1095 1667 1189 1745 ἑτέραν
1208 1671 1238 1727 δέ
1259 1659 1294 1726 οῦ
1317 1668 1421 1740 ζήτησιν

310 1806 312 1811 .
344 1770 481 1848 ἀποροῦσί
499 1792 580 1837 τινες,
601 1772 659 1835 παῖς
680 1768 695 1827 6
716 1774 765 1847 μέν
785 1763 930 1840 Ἀθηναῖος
951 1768 1026 1839 ξένος
1047 1776 1077 1830 έν
1089 1770 1194 1847 Νόμοις
1208 1772 1275 1845 φησί
1291 1770 1339 1828 τόν
1351 1767 1421 1829 θεόν

344 1871 430 1951 ἀργήν
448 1896 477 1931 τε
498 1874 544 1930 καὶ
564 1870 636 1947 μέσα
656 1871 703 1931 καί
723 1870 843 1944 τελευτήν
870 1869 978 1931 πόντων
994 1871 1027 1953 ²)
1055 1875 1137 1946 ἔχειν,
1166 1874 1181 1934 6
1204 1877 1234 1933 δέ
1254 1874 1421 1950 Παρμενίδης

344 1984 374 2036 ίν
393 1975 498 2043 τούτοις
518 1977 662 2049 δείπνοισιν,
691 1974 727 2043 οἷς
748 1968 808 2034 οῦτε
829 1969 914 2051 σίρνήν
935 1968 996 2035 οῦτε
1022 1976 1142 2052 τελευτήν
1168 1973 1229 2037 οὔτε
1248 1975 1333 2054 μέσον
1353 1978 1420 2047 ἔχει·

343 2081 430 2138 ταῦτα
455 2076 510 2156 γοίρ
536 2077 681 2138 ῦπεναντία
707 2083 778 2153 φασί
803 2075 862 2144 πός
889 2082 953 2143 ἐστι,
996 2079 1076 2138 πόλιν
1104 2081 1135 2154 δή
1164 2079 1234 2159 πρός
1253 2078 1354 2152 ταύτην
1373 2078 1422 2151 τήν

343 2180 459 2260 σἰπορίαν
486 2185 556 2255 φασί
579 2203 660 2250 τινες,
688 2181 730 2240 ότι
756 2180 803 2239 καί
829 2181 882 2252 ἔχει
908 2181 939 2238 τό
968 2184 1076 2257 πρῶτον
1097 2180 1183 2259 ἀργόν
1203 2186 1250 2243 καὶ
1269 2182 1353 2260 μέσον
1375 2181 1423 2239 καὶ

342 2283 475 2359 τελευτήν,
505 2286 552 2343 καί
574 2282 623 2345 οῦκ
646 2285 712 2356 ἔχει·
741 2287 860 2360 κρυφίως
880 2282 935 2361 γὰρ
957 2285 1023 2355 ἔχει,
1052 2285 1215 2363 διηρτημένος
1236 2292 1265 2347 δέ
1288 2283 1336 2348 οῦκ
1359 2288 1419 2357 ἔχει.

344 2389 432 2448 πάντα
452 2388 507 2465 γὰρ
529 2384 673 2461 όφροίστως
693 2390 721 2441 ίν
746 2383 820 2460 αὐτῷ
846 2387 894 2443 καὶ
922 2384 1112 2457 σἰνεπινοήτως,
1140 2389 1213 2464 αῦτῷ
1235 2392 1265 2447 δέ
1286 2388 1419 2465 γνωστοῖς.

345 2492 392 2561 οῦς
414 2489 464 2553 οῦκ
492 2485 683 2561 οἷποδεξόμεθα
709 2485 791 2544 πόλιν
816 2484 991 2557 πληθῦσντας
1016 2485 1047 2543 τό
1077 2490 1188 2563 πρῶτον
1216 2490 1264 2545 καὶ
1285 2488 1418 2556 ὄπωςοῦν.

344 2596 374 2655 τό
397 2595 450 2670 γὰρ
472 2589 585 2669 στρόφιον
612 2588 692 2645 τοῦτο
721 2589 768 2644 καὶ
795 2584 946 2665 ἀδιαίρετον
972 2589 1081 2658 πλῆθος
1108 2584 1172 2668 ἄλλη
1199 2587 1322 2666 προςήκει
1347 2588 1421 2654 τόξει

344 2698 399 2755 τῶν
419 2687 552 2770 δευτέρων
572 2691 623 2748 τινί
644 2690 690 2746 καί
711 2685 760 2747 οῦκ
783 2686 855 2768 αῦτῷ
875 2689 913 2766 τῷ
938 2688 1036 2766 προέτω
1057 2691 1095 2766 τήί
1115 2690 1216 2759 παντός
1237 2688 1421 2769 καθαρεύοντι

345 2797 479 2870 πλήθους.
522 2794 590 2861 ὅλως
610 2792 665 2870 γόιρ
687 2794 716 2850 αἶ
736 2791 876 2870 διαιρέσεις
899 2793 928 2851 σί
948 2798 996 2869 μέν
1015 2795 1157 2868 μοναδικαὶ
1183 2791 1262 2872 μέχρι
1282 2794 1336 2851 τοῖν
1355 2817 1419 2864 νοη-

346 2904 399 2961 τοῖν
426 2901 504 2966 εἰσιν,
534 2900 563 2956 αἱ
582 2899 611 2954 δέ
632 2897 669 2964 είς
689 2893 827 2973 όριθμοῦς
852 2894 1028 2970 ἐκτεινόμενοι
1044 2892 1074 2975 ³)
1105 2898 1166 2974 περί
1191 2893 1239 2962 τός
1260 2896 1353 2970 ἐφεξῆς
1375 2895 1421 2953 καί

345 3004 447 3064 τούτων
467 3001 637 3080 θεωροῦνται
658 2997 851 3076 διακοσμήσας,
871 2997 902 3057 τῦ
921 3001 950 3056 δέ
971 3000 1000 3057 ἓν
1013 2999 1066 3075 πρὸ
1088 2997 1175 3072 πόσης
1194 3001 1249 3056 εὀτὶ
1269 2998 1422 3076 διαιρέσεως

346 3111 393 3168 καί
413 3106 467 3185 πρό
489 3104 590 3171 παντός
610 3102 751 3182 πλήθους,
772 3103 823 3161 τοῦ
836 3126 863 3160 τε
883 3100 1021 3178 ήνωμένου
1042 3104 1088 3160 καὶ
1110 3102 1310 3186 διακεκριμένον
1331 3101 1464 3176 μόνωςςς3

346 3214 375 3270 έν
395 3207 526 3286 δπόρχον.
569 3202 630 3264 ἄλλ’
652 3203 667 3262 6
689 3209 738 3281 μέν
759 3202 860 3264 τοῦτων
886 3204 968 3281 λόγος
995 3204 1188 3280 διαβεβλήσθω
1209 3207 1306 3284 σαθραὶ
1327 3215 1420 3284 φθεγ-

345 3312 471 3392 γόμενος·
499 3305 561 3368 οῦδέ
588 3306 643 3383 γαρ
670 3303 758 3375 ι’ίλλοις
786 3305 930 3383 ἀντιλέγειν
950 3306 1138 3386 προύθέμεθα
1159 3307 1221 3369 οέδέ
1244 3312 1275 3369 τὰ
1296 3313 1350 3368 τῶν
1371 3305 1418 3369 ‹31-
1481 3323 1487 3335 '

346 3426 398 3478 λων
418 3412 558 3482 έξετοίζειν,
586 3411 609 3469 εἰ
627 3409 662 3486 μή
684 3411 750 3469 όσον
769 3411 907 3489 πάρεργον
924 3411 965 3488 ⁴).
1009 3413 1044 3474 οἱ.
1056 3409 1087 3469 δέ
1108 3435 1140 3486 γε
1158 3411 1331 3489 χαριέστερον
1352 3412 1421 3489 πρός

346 3521 394 3594 τήν
415 3518 533 3594 ἇπορίαν
553 3509 685 3588 λέγουσα,
706 3514 747 3572 ότι
768 3517 830 3593 περὶ
850 3516 922 3574 θεοῦ
942 3520 991 3592 μέν
1011 3518 1057 3574 καί
1071 3515 1086 3574 6
1099 3512 1243 3588 >Αθηναῖος
1263 3514 1337 3582 ξένος
1357 3538 1421 3574 ποι-

347 3633 414 3684 εἷται
434 3621 482 3680 τόν
502 3616 598 3692 λόγον,
633 3618 696 3692 περὶ
723 3620 795 3677 θεοῦ
820 3621 849 3677 δέ
876 3620 922 3678 καὶ
943 3618 960 3677 6
982 3621 1163 3697 Παρμενίδης,
1192 3616 1252 3677 ἀλλ’
1274 3606 1353 3683 οὗτος
1373 3623 1420 3691 μέν

343 3728 409 3806 περὶ
427 3726 480 3785 τοῦ
500 3717 609 3798 πρώτου
629 3721 702 3778 θεοῦ
723 3722 769 3779 καί
790 3721 891 3790 παντός
916 3721 1078 3800 έξηρημένου
1105 3721 1244 3796 πλήθους,
1274 3727 1371 3786 ἐκεῖνος
1392 3723 1420 3777 δέ

347 3831 409 3904 περί
431 3849 502 3892 τινος
529 3821 602 3880 θεοῦ
632 3819 695 3879 κατ’
717 3818 796 3897 ῦλλην
821 3825 985 3902 τεταγμένου
1011 3826 1094 3894 τόξα.
1137 3829 1184 3886 καὶ
1204 3831 1230 3882 τί
1249 3823 1304 3901 γὰρ
1327 3820 1360 3883 οῦ
1381 3826 1421 3881 δεῖ

349 3929 449 4005 λέγειν,
477 3926 573 4002 σοφοῖς
593 3925 643 3984 τοῦ
664 3927 828 4004 δημιουργοῦ
848 3929 895 3986 καί
916 3928 1019 4005 πατρός
1039 3927 1182 4007 ὀρθότατα
1204 3926 1328 4002 λέγοντος
1334 3956 1345 3992 ,-
1373 3929 1421 3984 καὶ

349 4032 403 4109 γὰρ
423 4029 469 4098 τό,
496 4026 766 4107 παραπορευόμενος,
794 4027 872 4089 οῦδὲν
891 4031 1016 4108 προςήκει
1041 4033 1079 4107 τῷ
1099 4036 1150 4097 ἑνί,
1181 4030 1227 4088 καὶ
1248 4029 1279 4087 τό
1302 4033 1420 4088 έπεοθαι

350 4135 399 4207 τήν
427 4137 501 4206 δίκην
528 4131 601 4209 αὐτῷ
628 4134 762 4201 παντελοῦς
789 4128 868 4206 ἄλλην
893 4132 956 4208 ήμῖν
983 4136 1143 4192 ἐνδείκνυται
1171 4131 1244 4199 τόξιν
1273 4134 1319 4190 καί
1340 4128 1421 4192 έίλλον

351 4236 437 4305 θεόν,
467 4237 513 4294 καί
539 4237 591 4307 ἔχει
618 4234 700 4312 λόγον
726 4237 771 4294 έπλ
797 4232 846 4294 τόν
872 4235 1037 4313 δημιουργόν
1057 4231 1222 4311 ιίναπέμπειν
1242 4243 1344 4301 ἐκεῖνα,
1374 4235 1422 4294 τόν

350 4340 427 4419 τριχῆ
447 4341 494 4414 μέν
514 4338 631 4399 διελόντα
651 4340 681 4400 τό
703 4341 759 4399 πᾶν
779 4338 848 4398 κατὰ
869 4338 917 4411 τήν
935 4337 1031 4416 τριάδα
1051 4338 1101 4412 τήν
1120 4337 1317 4423 δημιουργικόν,
1340 4340 1372 4418 τῇ
1393 4341 1422 4397 δέ

419 4574 500 4639 Ι)1).
519 4569 694 4626 ἀποτελεῖται.
729 4604 762 4614 ·-
795 4573 825 4644 fl)
844 4576 874 4626 C.
891 4573 993 4634 πάντας
1010 4577 1068 4639 ἔχει.
1096 4602 1130 4613 ·—
1163 4574 1191 4643 ὅ)
1208 4574 1244 4643 Ι).
1262 4573 1425 4641 διατεινόμε·”

354 4684 403 4716 ναι.
428 4690 461 4699 -
488 4657 521 4727 4)
539 4658 569 4708 B.
589 4657 657 4712 καθ’
675 4659 737 4715 ὅσον
752 4660 888 4731 πάρεργον.
907 4691 940 4701 -
957 4661 1215 4734 1).πιὶρργοίιαιι.
