3775 5442
653 625 739 684 biber
759 628 880 703 primus.
922 626 1023 687 Sectio
1046 627 1081 687 ii.
1378 631 1420 692 53

324 796 507 870 inducitur,
526 795 585 874 qni
605 802 736 875 propter
756 798 831 859 artis
853 798 1034 862 dialecticae
1054 800 1207 862 inscitiam
1223 799 1418 861 subtilissimi

326 898 537 978 disputatoris
566 899 775 962 dubitationes
796 919 858 963 non
879 909 986 983 potest
1006 904 1147 965 refutare
1168 909 1261 982 atque
1278 902 1417 964 idearum

325 1003 494 1084 doctrinae
521 1020 661 1064 caussam
687 1003 749 1064 rite
770 1009 962 1081 sustentare,
997 1027 1034 1068 ea
1060 1027 1112 1082 re,
1146 1006 1206 1069 nlai
1228 1026 1417 1088 magnopere

325 1106 441 1180 failor,
463 1106 553 1168 Pisto
576 1106 752 1185 significare
779 1109 890 1183 soluit,
925 1108 1103 1171 istiusmodi
1124 1092 1335 1171 dubitationes
1356 1111 1416 1170 uti·

326 1228 390 1288 que
404 1208 520 1270 cadere
531 1208 563 1270 ln
578 1209 751 1270 inchoatam
765 1217 884 1273 mutum
895 1213 1068 1291 rudemque
1082 1213 1252 1273 doctrinam
1265 1212 1415 1287 idearum,
1512 1244 1515 1249 ,

327 1312 452 1392 qualem
475 1311 612 1375 iortssse
633 1315 701 1395 ipse
719 1315 792 1376 olim
810 1314 992 1376 adolescens
1007 1317 1214 1390 condidisset,
1236 1315 1415 1395 neutiquam

327 1424 435 1476 sutem
463 1419 639 1478 convenire‘
656 1419 688 1480 in
714 1417 886 1499 perfectum
913 1419 1040 1497 suisque
1062 1419 1234 1480 rationibus
1255 1437 1317 1499 ope
1339 1420 1414 1479 artis

328 1520 513 1581 dialecticae
543 1514 712 1582 stabilitam
748 1527 780 1581 et
812 1520 1024 1582 confirmatam
1060 1521 1218 1583 doctrinae
1252 1523 1414 1583 rationem.

328 1623 422 1701 Quod
443 1624 473 1687 si
493 1622 578 1685 baud
599 1625 734 1685 absurde
755 1625 937 1698 statuimus,
960 1625 1034 1703 quid
1058 1626 1098 1686 de
1118 1630 1188 1687 toto
1210 1624 1271 1685 boc
1288 1625 1415 1685 iocoiu·

328 1727 496 1789 dicandum
517 1726 575 1801 sit,
597 1727 768 1787 clarissime
789 1726 962 1806 apparebit.
1005 1728 1197 1788 Enarrautur
1212 1728 1292 1786 enirn
1309 1727 1360 1786 bio
1379 1745 1415 1786 es

329 1831 449 1903 omnia,
472 1846 553 1908 quae
574 1831 614 1890 ab
637 1831 705 1892 aliis
726 1829 921 1910 pbilosophis
944 1838 1053 1892 contra
1067 1830 1257 1892 Platonicam
1275 1831 1414 1889 idearum

328 1932 502 1994 dodriuam
524 1939 614 1994 erant
635 1934 807 2012 disputata,
838 1952 930 2012 quum
953 1940 1057 1994 tamen
1079 1934 1202 2014 qualem
1223 1934 1291 2012 ipse
1312 1931 1415 2010 pbilo-

329 2035 446 2115 sopbus
476 2054 548 2097 ease
577 2037 834 2098 velletiilcarum
855 2037 916 2097 vim
938 2041 973 2097 et
993 2044 1133 2096 naturam
1156 2052 1324 2113 earumque
1345 2052 1414 2094 oum

328 2142 423 2201 rebus
451 2140 596 2201 sensibus
624 2140 772 2201 subiectis
794 2139 1071 2213 uecessitudinem,
1104 2145 1157 2199 aut
1179 2140 1316 2201 nondum
1337 2138 1413 2198 satis

327 2243 513 2323 explicatum
535 2247 621 2302 esset
641 2251 694 2302 aut
722 2245 760 2304 ab
782 2242 967 2305 adversariis
995 2260 1055 2302 non
1078 2243 1236 2304 subtiliter
1257 2248 1413 2303 accurate-

326 2367 392 2428 que
411 2351 603 2427 perceptum.
647 2346 798 2424 Quocirca
818 2344 1024 2427 philosophus
1041 2345 1093 2405 bie
1111 2345 1257 2407 lubenter
1270 2345 1411 2426 largitur,

326 2450 538 2512 dubitationes
564 2447 635 2510 illas
661 2448 769 2528 utique
797 2449 992 2530 gravissimas
1018 2449 1117 2529 sideri
1145 2450 1260 2511 debere
1283 2449 1329 2523 el,
1359 2445 1412 2527 qui

326 2554 464 2617 nondum
486 2570 611 2612 omnem
633 2550 793 2613 doctrinae
814 2553 965 2614 rationem
987 2553 1179 2633 perceperit,
1201 2554 1336 2632 ideoque
1353 2551 1412 2611 So·

326 2664 444 2718 erstem
467 2655 543 2717 lacit
569 2655 711 2715 invenem
737 2655 780 2715 ita
802 2674 872 2715 cum
893 2654 1079 2716 Parmenide
1101 2657 1345 2737 colloquentem,
1377 2661 1411 2715 ut

326 2762 401 2823 buic
422 2760 493 2821 iere
514 2778 571 2838 per
594 2760 696 2820 omnia
718 2757 809 2819 iacile
830 2757 989 2820 concedat.
1031 2758 1134 2836 Atque
1155 2759 1215 2819 boc
1238 2778 1275 2818 eo
1294 2759 1410 2818 rectius

324 2866 372 2926 ita
401 2862 508 2942 potuit
537 2863 717 2935 instituere,
755 2860 837 2939 quod
872 2861 904 2920 in
935 2860 1033 2918 altera
1061 2861 1134 2919 libri
1160 2865 1265 2937 parte,
1300 2860 1410 2936 quibus

328 2966 451 3027 caussis
480 2968 569 3042 atque
588 2961 797 3025 fundamentis
826 2962 968 3022 universa
996 2960 1135 3020 idearum
1164 2962 1305 3020 doctrina
1333 2961 1411 3019 nite-

327 3077 436 3143 retur,
459 3068 600 3130 subtilius
623 3068 793 3147 explicarit.
836 3066 913 3127 Nam
934 3064 1115 3145 longissime
1136 3061 1279 3143 proiecto
1298 3082 1316 3121 a
1336 3079 1409 3122 vero

325 3176 526 3246 aberrarunt,
560 3172 613 3249 qui
639 3172 670 3231 in
700 3191 736 3230 ea
764 3171 841 3231 nibli
868 3171 927 3230 uisi
957 3189 1053 3250 nugas
1081 3169 1258 3233 dialecticas
1287 3165 1336 3243 agi
1359 3171 1411 3224 aut

324 3277 507 3340 subtilitatis
530 3275 708 3335 dialecticae
729 3274 886 3353 specimen
907 3273 1032 3352 aliquod
1055 3272 1189 3351 proponi
1216 3269 1411 3330 existimare-

325 3388 406 3442 runt.
458 3380 552 3457 Quod
581 3380 678 3438 multo
706 3397 793 3436 secus
816 3394 886 3436 esse
908 3397 944 3436 ac
966 3377 1069 3455 potius
1091 3374 1229 3454 proferri
1252 3393 1303 3445 ea,
1331 3392 1409 3450 quae

324 3486 492 3566 plurimum
515 3483 636 3542 valeant
658 3481 695 3540 osi
711 3480 936 3559 infringendam
951 3480 1012 3539 vim
1026 3497 1133 3537 eorum
1148 3485 1408 3559 argumentorum,

324 3588 436 3668 quibus
459 3585 660 3644 Parmenides
682 3583 840 3661 inpriore
867 3584 940 3643 libri
964 3588 1053 3660 parte
1074 3581 1214 3641 idearum
1237 3580 1407 3641 doctrinam

323 3694 354 3753 ia
378 3690 547 3751 discrimen
570 3688 712 3755 adduxit,
735 3685 894 3764 explicatis
917 3685 1059 3746 omnibus
1073 3685 1143 3745 libri
1162 3685 1301 3763 partibus
1318 3701 1408 3742 nemo

324 3802 429 3866 certe,
464 3799 498 3852 ut
525 3809 652 3870 sperare
679 3784 767 3863 licei,
799 3789 930 3868 amplius
958 3788 1121 3851 dubitabit.
1170 3791 1271 3865 Quium
1305 3796 1408 3847 autem

324 3902 414 3962 i'lato
444 3898 477 3958 in
504 3895 566 3956 boe
587 3895 667 3954 libro
689 3894 722 3953 id
744 3895 858 3972 egerit,
889 3902 923 3955 nt
945 3894 1105 3954 universae
1126 3892 1266 3951 idearum
1292 3891 1408 3951 doctri-

324 4024 382 4064 nae
403 4019 531 4062 eaussas
552 4003 585 4058 et
606 3998 742 4058 rationes
764 3995 970 4076 pateiaoeret,
992 4013 1093 4073 eoque
1109 3994 1203 4054 modo
1216 3995 1408 4056 adversario-

325 4129 391 4168 rum
416 4103 649 4166 criminationes
669 4103 702 4162 in
725 4120 791 4161 mm
814 4100 969 4161 coniectas
991 4098 1176 4178 repelleret;
1211 4118 1266 4161 cur
1294 4117 1330 4157 ea
1358 4115 1408 4155 ar·

325 4216 488 4292 gumenta,
511 4207 623 4286 quibus
645 4205 697 4266 isti
718 4205 865 4266 adversus
886 4204 987 4283 ipsum
1005 4202 1052 4261 usi
1071 4210 1176 4275 erant,
1199 4208 1285 4262 tanto
1303 4198 1408 4258 studio

325 4313 506 4394 exposuerit
533 4329 569 4369 ae
590 4310 684 4368 ueluti
708 4307 938 4378 examinaverit,
963 4276 1077 4365 aemili
1090 4304 1230 4383 cuiquam
1243 4306 1408 4365 obscurum

325 4437 395 4481 csse
424 4414 553 4497 poterit.
603 4412 678 4472 Nam
707 4413 734 4474 si
762 4411 835 4488 quid
863 4410 895 4470 ln
929 4411 966 4471 iis
989 4410 1100 4470 callide
1127 4408 1323 4468 immutasset
1356 4412 1408 4465 aut

323 4519 541 4602 praeteriisset
564 4517 704 4591 silentio,
729 4521 815 4574 oeric
833 4513 1008 4590 neutiquam
1021 4513 1160 4572 futurum
1176 4509 1254 4581 iuuit,
1279 4517 1312 4569 ut
1326 4509 1408 4586 quod

322 4626 386 4689 sibi
408 4626 634 4704 proposuerat,
657 4620 721 4680 uilo
744 4618 838 4680 modo
861 4623 1020 4676 assecutus
1044 4632 1114 4674 esse
1133 4613 1299 4672 uideretur.
1333 4612 1410 4670 bam
