3775 5442
660 668 744 727 Liber
764 669 883 745 primun
927 668 1029 728 Sectio
1053 669 1088 728 l'.
1354 670 1416 734 m

324 837 480 902 Videmur
502 836 583 899 euim
605 837 785 918 philosophi
806 848 942 902 mentem
963 842 1018 915 iis,
1046 861 1126 922 quus
1153 842 1257 903 sdhuc
1278 842 1417 923 dispare

325 945 443 1018 sirnas,
464 944 509 1003 its
530 942 706 1020 aperuisse,
728 948 765 1003 ut
786 943 935 1023 quodie
957 944 1017 1007 sibl
1038 945 1191 1019 noluerit,
1214 944 1417 1024 vixeulqorm

326 1049 498 1109 absarrum
519 1062 592 1107 esse
613 1049 714 1124 quest.
757 1044 836 1108 Nam
857 1049 937 1110 eutis
958 1043 1038 1109 liniti
1060 1056 1190 1110 naturae
1213 1046 1276 1109 hoc
1298 1051 1418 1110 censuit

325 1150 491 1234 proprium
513 1167 601 1225 esse,
614 1146 615 1149 ’
630 1149 732 1226 quod,
760 1151 854 1211 sicuti
874 1150 1012 1232 singulae
1035 1151 1102 1213 cios
1124 1158 1230 1230 parter
1251 1151 1293 1212 sd
1313 1157 1416 1213 totum

326 1255 527 1326 referamur,
559 1251 604 1311 its
625 1255 727 1311 totum
749 1271 873 1332 quoque
892 1256 926 1315 in
948 1259 1032 1317 statu
1053 1255 1157 1333 aliquo
1181 1259 1214 1316 ct
1234 1253 1418 1316 condicione

325 1358 447 1421 reneri
468 1354 609 1433 adeoque
629 1353 670 1413 sd
691 1359 849 1416 externam
870 1359 919 1419 sui
940 1357 1039 1437 ipsius
1060 1357 1195 1437 speciem
1207 1363 1239 1418 et
1251 1359 1418 1439 imaginem
1518 1366 1525 1376 “

326 1460 522 1524 contendere
547 1457 785 1519 existimandum
812 1466 906 1525 esset.
957 1461 1027 1521 Hoc
1061 1479 1156 1521 uuum
1190 1459 1329 1523 sortasse
1355 1476 1418 1523 nox
1517 1482 1524 1497 >·

327 1579 590 1645 supervacuorum
613 1561 675 1621 erit
696 1561 871 1639 addidisse,
895 1563 979 1641 quod
997 1545 1042 1624 'cle
1061 1568 1130 1624 tcto
1146 1563 1279 1627 Unohic
1293 1565 1417 1640 dicitur,

327 1668 412 1729 idem
433 1667 543 1744 utique
563 1665 763 1726 stetnendum
785 1682 856 1726 esse
878 1668 972 1727 etiam
995 1666 1035 1726 de
1049 1665 1178 1745 singulis
1198 1667 1264 1728 eius
1277 1669 1418 1747 partibus

327 1779 424 1853 etque
445 1768 573 1843 iormls,
598 1768 850 1847 quandoquidem
870 1770 932 1832 hae
953 1770 1175 1850 ipsaequoque
1188 1770 1220 1830 iu
1234 1773 1417 1849 corporibus

329 1891 498 1957 upressra
519 1877 697 1934 canuntur.

414 1979 479 2040 lam
506 1981 709 2056 postesquam
736 1975 921 2053 explicatum
949 1982 1013 2052 est,
1044 1995 1156 2052 unum,
1179 1983 1332 2057 quatenus
1353 1977 1419 2038 sois
1540 2051 1542 2057 ἲ

329 2085 428 2164 ipsius
449 2079 593 2161 partibus
615 2078 825 2152 contineatur,
856 2080 1031 2159 habentque
1051 2085 1193 2141 naturam
1215 2081 1248 2140 in
1270 2099 1305 2140 sa
1325 2080 1418 2142 obso-

328 2188 445 2258 lnam,
467 2183 509 2244 ad
531 2186 631 2243 semet
651 2181 752 2260 ipsum
772 2181 903 2254 relerri3
921 2188 1164 2261 qnatenusoero
1178 2189 1278 2246 totum
1291 2182 1418 2263 aliquod

327 2289 489 2363 conieirt,
524 2284 643 2347 versari
669 2286 703 2347 in
730 2285 791 2347 alio
819 2285 964 2366 quopiam
998 2293 1091 2366 atque
1122 2295 1250 2349 externo
1279 2286 1418 2367 gaudere

329 2399 417 2456 aar
436 2398 470 2453 et
492 2387 689 2461 condicioue;
721 2389 868 2468 deinceps
889 2390 1048 2452 subtiliter
1070 2391 1268 2472 disquiritur,
1301 2390 1419 2471 quide

329 2495 450 2577 duplici
470 2494 532 2556 ists
554 2492 690 2568 ratione,
712 2492 773 2553 lroc
792 2498 843 2575 est
862 2491 985 2554 interno
1005 2499 1100 2574 atque
1121 2503 1265 2571 externa,
1288 2511 1418 2573 quarum
1492 2562 1495 2573 Ι

328 2601 461 2663 alterum
481 2601 570 2678 patet
590 2595 716 2656 unitatis
738 2600 865 2655 naturae
877 2597 1011 2657 maxime
1025 2596 1149 2672 deberi,
1171 2599 1302 2659 alterurn
1313 2614 1419 2659 essem
1510 2577 1511 2580 Ἴ

328 2705 396 2766 tiso
416 2690 572 2781 aoeeptm
594 2699 728 2773 referri,
760 2700 908 2778 consequi
934 2700 1132 2761 iudicandum
1162 2701 1212 2763 sit.
1256 2699 1420 2760 Tribnitur

331 2806 419 2867 euim
440 2823 519 2866 runc
539 2803 652 2864 unitati
673 2801 779 2862 linitae
801 2807 905 2862 motus
922 2807 956 2861 et
975 2803 1062 2881 quies
1076 2804 1120 2881 ⁴).
1164 2802 1256 2879 Quod
1269 2802 1343 2880 quid
1358 2800 1419 2861 sibi

333 2909 433 2983 velit,
466 2908 518 2986 qul
535 2905 835 2986 argumentrtlonem
864 2903 1005 2983 proxime
1032 2904 1267 2964 antecedentem
1295 2903 1419 2980 penitus

332 3011 566 3094 perspexerint,
588 3009 673 3070 haud
694 3027 770 3071 sane
791 3008 923 3068 multum
943 3005 1138 3067 laborabunt.
1180 3005 1257 3065 Nam
1281 3021 1335 3064 ens
1351 3003 1421 3062 lini-

331 3125 403 3178 tum
424 3116 474 3176 rel
494 3114 579 3189 idea,
601 3114 668 3174 sive
688 3129 727 3174 er
747 3110 929 3173 universalis
939 3110 1125 3189 intelligitur
1138 3109 1202 3170 rive
1215 3106 1420 3188 porticularls,

332 3220 389 3282 ulsi
409 3221 442 3280 in
462 3237 498 3280 se
519 3218 588 3299 ipsu
611 3221 770 3297 spectatur
790 3222 824 3277 et
843 3221 986 3277 naturam
1006 3215 1104 3275 hahet
1117 3232 1176 3294 per
1189 3210 1419 3285 reabsclutam,

333 3326 538 3395 eoustrutem,
560 3321 806 3391 immutrloilems
820 3318 965 3399 profecto
976 3319 1037 3380 sibi
1048 3336 1174 3396 semper
1186 3321 1308 3378 constet
1319 3332 1420 3392 neque

327 3426 436 3494 tendit
457 3424 623 3485 aliorsum:
651 3433 800 3505 quatenus
822 3428 925 3483 autem
946 3429 1074 3482 externa
1095 3420 1210 3499 gaudet
1239 3417 1420 3479 condicione

334 3531 538 3608 referturque
559 3527 600 3588 ad
620 3547 672 3599 ea,
695 3544 774 3605 quae
795 3530 869 3587 suut
889 3530 976 3585 extra
992 3526 1108 3603 ipsum,
1131 3523 1196 3583 sive
1208 3523 1268 3581 alia
1284 3521 1325 3582 sit
1338 3520 1418 3593 ider,

335 3635 402 3695 sire
422 3631 554 3693 materia
574 3648 756 3709 corporum,
778 3628 896 3689 moveri
917 3628 995 3689 illud
1009 3627 1285 3704 ,indicaturatque
1299 3623 1419 3704 agitari,

334 3733 586 3817 quondoquidem
607 3753 666 3812 pro
687 3733 786 3805 varia,
810 3750 870 3810 quo
892 3732 1045 3792 cumillis
1068 3730 1261 3802 continetur,
1284 3726 1420 3788 necessi-

335 3839 445 3902 tudine
467 3837 560 3899 etism
582 3836 678 3916 ipsius
701 3834 912 3897 condicionem
935 3835 1048 3894 rodam
1063 3833 1194 3895 evadere
1210 3839 1302 3910 etque
1315 3828 1421 3890 multl-

336 3943 449 4024 plicem
480 3958 609 4021 prorsus
639 3957 767 4000 necesse
794 3944 853 3999 est.
902 3938 1101 3999 Promoilem
1133 3955 1204 3998 esse
1224 3933 1303 3993 hanc
1322 3935 1420 3994 inter-

336 4047 563 4126 pretationem,
585 4059 624 4103 ne
645 4060 748 4103 rernm
769 4048 948 4120 certamque
961 4041 1112 4114 dieamus,
1134 4039 1227 4100 facile
1239 4036 1420 4116 largientur,

337 4150 391 4229 qui
418 4146 515 4209 simili
541 4146 663 4206 ratione
690 4145 887 4206 meminerint
913 4147 945 4205 in
973 4143 1120 4223 Sophiste
1147 4163 1176 4222 p.
1200 4142 1273 4204 246.
1296 4140 1331 4199 Α.
1353 4152 1420 4213 sqq.

337 4252 469 4332 singulis
491 4249 571 4311 ideis
593 4254 711 4308 motum
733 4254 766 4309 et
786 4249 921 4327 quietem
943 4247 1091 4309 uindicari
1107 4246 1195 4320 ideo,
1219 4243 1290 4322 quia
1303 4237 1422 4300 etslm·

337 4356 452 4435 plicam
474 4352 608 4414 habeant
629 4356 846 4430 aeternamque
865 4359 1022 4426 suturam,
1044 4341 1422 4413 utssneviderideloeeut

337 4460 440 4520 omnis
470 4462 574 4518 motus
612 4473 648 4514 ao
681 4454 902 4518 vicissitudinis
934 4458 1078 4536 expertes
1108 4470 1197 4524 esse,
1233 4453 1265 4508 et
1290 4453 1421 4530 prepter

407 4647 799 4740 qeme-mn
