<?xml version="1.0" encoding="UTF-8"?>
<!DOCTYPE html PUBLIC "-//W3C//DTD XHTML 1.0 Transitional//EN"
    "http://www.w3.org/TR/xhtml1/DTD/xhtml1-transitional.dtd">
<html xmlns="http://www.w3.org/1999/xhtml" xml:lang="en" lang="en">
 <head>
  <title>
</title>
<meta http-equiv="Content-Type" content="text/html;charset=utf-8" />
  <meta name='ocr-system' content='tesseract 3.04.00' />
  <meta name='ocr-capabilities' content='ocr_page ocr_carea ocr_par ocr_line ocrx_word'/>
</head>
<body>
  <div class='ocr_page' id='page_1' title='image "./parmenidescumqu00platgoog_0633.png"; bbox 0 0 3775 5442; ppageno 0'>
   <div class='ocr_carea' id='block_1_1' title="bbox 711 650 1465 720">
    <p class='ocr_par' dir='ltr' id='par_1_1' title="bbox 711 650 1465 720">
     <span class='ocr_line' id='line_1_1' title="bbox 711 650 1465 720; baseline -0.005 -3"><span class='ocrx_word' id='word_1_1' title='bbox 711 653 759 717; x_wconf 87' lang='grc' dir='ltr'><strong><em>ΙΝ</em></strong></span> <span class='ocrx_word' id='word_1_2' title='bbox 788 650 1126 720; x_wconf 75' lang='lat' dir='ltr'><strong>PARMENIDEM.</strong></span> <span class='ocrx_word' id='word_1_3' title='bbox 1224 709 1231 718; x_wconf 69' lang='lat'><em>„</em></span> <span class='ocrx_word' id='word_1_4' title='bbox 1402 654 1465 717; x_wconf 67' lang='grc' dir='ltr'><strong><em>ὅθί</em></strong></span> 
     </span>
    </p>
   </div>
   <div class='ocr_carea' id='block_1_2' title="bbox 373 817 1532 2957">
    <p class='ocr_par' dir='ltr' id='par_1_2' title="bbox 373 817 1532 2957">
     <span class='ocr_line' id='line_1_2' title="bbox 374 817 1468 904; baseline 0.002 -20"><span class='ocrx_word' id='word_1_5' title='bbox 374 825 497 904; x_wconf 77' lang='grc' dir='ltr'><strong><em>ἑκάτερος</em></strong></span> <span class='ocrx_word' id='word_1_6' title='bbox 515 827 599 903; x_wconf 81' lang='grc' dir='ltr'><strong><em>χωρίς</em></strong></span> <span class='ocrx_word' id='word_1_7' title='bbox 621 824 829 892; x_wconf 76' lang='grc' dir='ltr'><strong><em>κατασκευάζειν</em></strong></span> <span class='ocrx_word' id='word_1_8' title='bbox 856 822 905 897; x_wconf 79' lang='grc' dir='ltr'><strong><em>οὐχ</em></strong></span> <span class='ocrx_word' id='word_1_9' title='bbox 933 825 1027 892; x_wconf 83' lang='grc' dir='ltr'><strong><em>ἱκανός</em></strong></span> <span class='ocrx_word' id='word_1_10' title='bbox 1052 817 1097 898; x_wconf 81' lang='grc' dir='ltr'><strong><em>ήν.</em></strong></span> <span class='ocrx_word' id='word_1_11' title='bbox 1141 826 1195 886; x_wconf 76' lang='grc' dir='ltr'><strong><em>ἔστι</em></strong></span> <span class='ocrx_word' id='word_1_12' title='bbox 1217 830 1246 883; x_wconf 82' lang='grc' dir='ltr'><strong><em>δί</em></strong></span> <span class='ocrx_word' id='word_1_13' title='bbox 1268 827 1313 885; x_wconf 81' lang='grc' dir='ltr'><strong><em>ὅτε</em></strong></span> <span class='ocrx_word' id='word_1_14' title='bbox 1335 829 1381 884; x_wconf 82' lang='grc' dir='ltr'><strong><em>καί</em></strong></span> <span class='ocrx_word' id='word_1_15' title='bbox 1403 829 1468 886; x_wconf 74' lang='grc' dir='ltr'><strong><em>ἕκα-</em></strong></span> 
     </span>
     <span class='ocr_line' id='line_1_3' title="bbox 374 922 1465 1007; baseline 0.002 -19"><span class='ocrx_word' id='word_1_16' title='bbox 374 953 438 996; x_wconf 92' lang='grc' dir='ltr'><strong><em>στος</em></strong></span> <span class='ocrx_word' id='word_1_17' title='bbox 457 927 539 1005; x_wconf 89' lang='grc' dir='ltr'><strong><em>λόγος</em></strong></span> <span class='ocrx_word' id='word_1_18' title='bbox 559 933 655 995; x_wconf 83' lang='grc' dir='ltr'><strong><em>τόλειος</em></strong></span> <span class='ocrx_word' id='word_1_19' title='bbox 677 932 762 996; x_wconf 76' lang='grc' dir='ltr'><strong><em>ἐστίν,</em></strong></span> <span class='ocrx_word' id='word_1_20' title='bbox 791 922 853 987; x_wconf 81' lang='grc' dir='ltr'><strong><em>οἷον</em></strong></span> <span class='ocrx_word' id='word_1_21' title='bbox 873 934 903 986; x_wconf 74' lang='grc' dir='ltr'><strong><em>ἐν</em></strong></span> <span class='ocrx_word' id='word_1_22' title='bbox 923 933 1052 1006; x_wconf 77' lang='grc' dir='ltr'><strong><em>Πολιτείᾳ</em></strong></span> <span class='ocrx_word' id='word_1_23' title='bbox 1069 932 1120 988; x_wconf 79' lang='grc' dir='ltr'><strong><em>’καὶ</em></strong></span> <span class='ocrx_word' id='word_1_24' title='bbox 1143 931 1253 1007; x_wconf 77' lang='grc' dir='ltr'><strong><em>Φαίδρῳ</em></strong></span> <span class='ocrx_word' id='word_1_25' title='bbox 1275 928 1322 986; x_wconf 84' lang='grc' dir='ltr'><strong><em>καλ</em></strong></span> <span class='ocrx_word' id='word_1_26' title='bbox 1345 932 1465 990; x_wconf 82' lang='grc' dir='ltr'><strong><em>Φαίδωνι</em></strong></span> 
     </span>
     <span class='ocr_line' id='line_1_4' title="bbox 373 1027 1465 1109; baseline 0.002 -21"><span class='ocrx_word' id='word_1_27' title='bbox 373 1027 423 1105; x_wconf 81' lang='grc' dir='ltr'><strong><em>τής</em></strong></span> <span class='ocrx_word' id='word_1_28' title='bbox 443 1028 603 1097; x_wconf 84' lang='grc' dir='ltr'><strong><em>άθανασίας</em></strong></span> <span class='ocrx_word' id='word_1_29' title='bbox 623 1031 679 1088; x_wconf 74' lang='grc' dir='ltr'><strong><em>τοῖν</em></strong></span> <span class='ocrx_word' id='word_1_30' title='bbox 700 1029 798 1106; x_wconf 81' lang='grc' dir='ltr'><strong><em>ῳυγῦν</em></strong></span> <span class='ocrx_word' id='word_1_31' title='bbox 818 1028 901 1106; x_wconf 87' lang='grc' dir='ltr'><strong><em>λόγος</em></strong></span> <span class='ocrx_word' id='word_1_32' title='bbox 922 1028 1122 1099; x_wconf 83' lang='grc' dir='ltr'><strong><em>άποδειιιτικός·</em></strong></span> <span class='ocrx_word' id='word_1_33' title='bbox 1150 1033 1262 1098; x_wconf 76' lang='grc' dir='ltr'><strong><em>ἕκαστος</em></strong></span> <span class='ocrx_word' id='word_1_34' title='bbox 1283 1031 1338 1109; x_wconf 85' lang='grc' dir='ltr'><strong><em>γάρ</em></strong></span> <span class='ocrx_word' id='word_1_35' title='bbox 1360 1034 1465 1101; x_wconf 76' lang='grc' dir='ltr'><strong><em>τέλειος,</em></strong></span> 
     </span>
     <span class='ocr_line' id='line_1_5' title="bbox 374 1130 1467 1212; baseline 0.002 -22"><span class='ocrx_word' id='word_1_36' title='bbox 374 1135 422 1191; x_wconf 82' lang='grc' dir='ltr'><strong><em>καὶ</em></strong></span> <span class='ocrx_word' id='word_1_37' title='bbox 444 1130 478 1193; x_wconf 86' lang='grc' dir='ltr'><strong><em>οῦ</em></strong></span> <span class='ocrx_word' id='word_1_38' title='bbox 499 1130 622 1193; x_wconf 76' lang='grc' dir='ltr'><strong><em>τελοῦσιν</em></strong></span> <span class='ocrx_word' id='word_1_39' title='bbox 643 1133 679 1201; x_wconf 82' lang='grc' dir='ltr'><strong><em>εἷς</em></strong></span> <span class='ocrx_word' id='word_1_40' title='bbox 692 1136 722 1212; x_wconf 88' lang='lat'><strong><em>¹)</em></strong></span> <span class='ocrx_word' id='word_1_41' title='bbox 745 1131 881 1204; x_wconf 74' lang='grc' dir='ltr'><strong><em>ἀλλήλους.</em></strong></span> <span class='ocrx_word' id='word_1_42' title='bbox 926 1133 1051 1211; x_wconf 77' lang='grc' dir='ltr'><strong><em>βούλεται</em></strong></span> <span class='ocrx_word' id='word_1_43' title='bbox 1073 1139 1166 1195; x_wconf 87' lang='grc' dir='ltr'><strong><em>τοίνυν</em></strong></span> <span class='ocrx_word' id='word_1_44' title='bbox 1188 1136 1235 1192; x_wconf 81' lang='grc' dir='ltr'><strong><em>καί</em></strong></span> <span class='ocrx_word' id='word_1_45' title='bbox 1255 1134 1320 1200; x_wconf 77' lang='grc' dir='ltr'><strong><em>τοῦς</em></strong></span> <span class='ocrx_word' id='word_1_46' title='bbox 1340 1135 1391 1192; x_wconf 89' lang='grc' dir='ltr'><strong><em>τοῦ</em></strong></span> <span class='ocrx_word' id='word_1_47' title='bbox 1411 1133 1467 1207; x_wconf 89' lang='grc' dir='ltr'><strong><em>Ζή-</em></strong></span> 
     </span>
     <span class='ocr_line' id='line_1_6' title="bbox 374 1230 1466 1315; baseline 0.001 -20"><span class='ocrx_word' id='word_1_48' title='bbox 374 1258 462 1303; x_wconf 86' lang='grc' dir='ltr'><strong><em>νωνος</em></strong></span> <span class='ocrx_word' id='word_1_49' title='bbox 482 1236 679 1315; x_wconf 86' lang='grc' dir='ltr'><strong><em>τετταράκοντα</em></strong></span> <span class='ocrx_word' id='word_1_50' title='bbox 699 1235 799 1312; x_wconf 79' lang='grc' dir='ltr'><strong><em>λόγους</em></strong></span> <span class='ocrx_word' id='word_1_51' title='bbox 820 1233 889 1296; x_wconf 78' lang='grc' dir='ltr'><strong><em>εἶναι</em></strong></span> <span class='ocrx_word' id='word_1_52' title='bbox 909 1236 1054 1305; x_wconf 81' lang='grc' dir='ltr'><strong><em>τοιούτους,</em></strong></span> <span class='ocrx_word' id='word_1_53' title='bbox 1075 1239 1187 1296; x_wconf 74' lang='grc' dir='ltr'><strong><em>ἕκαστον</em></strong></span> <span class='ocrx_word' id='word_1_54' title='bbox 1208 1230 1349 1315; x_wconf 74' lang='grc' dir='ltr'><strong><em>αὐτάρκως</em></strong></span> <span class='ocrx_word' id='word_1_55' title='bbox 1361 1238 1393 1315; x_wconf 84' lang='lat'><strong><em>²)</em></strong></span> <span class='ocrx_word' id='word_1_56' title='bbox 1415 1236 1466 1296; x_wconf 86' lang='grc' dir='ltr'><strong><em>τοῦ</em></strong></span> 
     </span>
     <span class='ocr_line' id='line_1_7' title="bbox 374 1337 1465 1420; baseline 0.005 -25"><span class='ocrx_word' id='word_1_57' title='bbox 374 1343 552 1416; x_wconf 73' lang='grc' dir='ltr'><strong><em>προκειμένου</em></strong></span> <span class='ocrx_word' id='word_1_58' title='bbox 581 1337 812 1417; x_wconf 83' lang='grc' dir='ltr'><strong><em>ουμπεραντικόν,</em></strong></span> <span class='ocrx_word' id='word_1_59' title='bbox 850 1339 899 1396; x_wconf 79' lang='grc' dir='ltr'><strong><em>καί</em></strong></span> <span class='ocrx_word' id='word_1_60' title='bbox 930 1344 987 1405; x_wconf 81' lang='grc' dir='ltr'><strong><em>τοῖς</em></strong></span> <span class='ocrx_word' id='word_1_61' title='bbox 1019 1346 1167 1418; x_wconf 75' lang='grc' dir='ltr'><strong><em>τεκμηρίοις</em></strong></span> <span class='ocrx_word' id='word_1_62' title='bbox 1201 1340 1366 1420; x_wconf 69' lang='grc' dir='ltr'><strong><em>ἰσαρίθμους</em></strong></span> <span class='ocrx_word' id='word_1_63' title='bbox 1395 1338 1465 1405; x_wconf 77' lang='grc' dir='ltr'><strong><em>εἶναι</em></strong></span> 
     </span>
     <span class='ocr_line' id='line_1_8' title="bbox 374 1439 1467 1520; baseline 0.005 -22"><span class='ocrx_word' id='word_1_64' title='bbox 374 1441 440 1508; x_wconf 81' lang='grc' dir='ltr'><strong><em>τοῦς</em></strong></span> <span class='ocrx_word' id='word_1_65' title='bbox 460 1440 568 1518; x_wconf 89' lang='grc' dir='ltr'><strong><em>λόγους.</em></strong></span> <span class='ocrx_word' id='word_1_66' title='bbox 612 1443 658 1500; x_wconf 84' lang='grc' dir='ltr'><strong><em>καλ</em></strong></span> <span class='ocrx_word' id='word_1_67' title='bbox 680 1447 708 1500; x_wconf 76' lang='grc' dir='ltr'><strong><em>εί</em></strong></span> <span class='ocrx_word' id='word_1_68' title='bbox 724 1463 756 1515; x_wconf 80' lang='grc' dir='ltr'><strong><em>με</em></strong></span> <span class='ocrx_word' id='word_1_69' title='bbox 778 1442 819 1499; x_wconf 75' lang='grc' dir='ltr'><strong><em>δεῖ</em></strong></span> <span class='ocrx_word' id='word_1_70' title='bbox 838 1439 869 1499; x_wconf 90' lang='grc' dir='ltr'><strong><em>τό</em></strong></span> <span class='ocrx_word' id='word_1_71' title='bbox 893 1443 994 1501; x_wconf 81' lang='grc' dir='ltr'><strong><em>δοκοῦν</em></strong></span> <span class='ocrx_word' id='word_1_72' title='bbox 1015 1441 1115 1510; x_wconf 76' lang='grc' dir='ltr'><strong><em>εἰπεῖν,</em></strong></span> <span class='ocrx_word' id='word_1_73' title='bbox 1144 1439 1218 1502; x_wconf 84' lang='grc' dir='ltr'><strong><em>πάνυ</em></strong></span> <span class='ocrx_word' id='word_1_74' title='bbox 1244 1465 1291 1520; x_wconf 92' lang='grc' dir='ltr'><strong><em>μοι</em></strong></span> <span class='ocrx_word' id='word_1_75' title='bbox 1317 1447 1391 1504; x_wconf 76' lang='grc' dir='ltr'><strong><em>δοκεῖ</em></strong></span> <span class='ocrx_word' id='word_1_76' title='bbox 1417 1445 1467 1503; x_wconf 77' lang='grc' dir='ltr'><strong><em>καλ</em></strong></span> 
     </span>
     <span class='ocr_line' id='line_1_9' title="bbox 375 1540 1466 1624; baseline 0.004 -22"><span class='ocrx_word' id='word_1_77' title='bbox 375 1544 463 1602; x_wconf 83' lang='grc' dir='ltr'><strong><em>ταῦτα</em></strong></span> <span class='ocrx_word' id='word_1_78' title='bbox 485 1543 536 1615; x_wconf 87' lang='grc' dir='ltr'><strong><em>τήν</em></strong></span> <span class='ocrx_word' id='word_1_79' title='bbox 556 1544 626 1622; x_wconf 86' lang='grc' dir='ltr'><strong><em>πρδς</em></strong></span> <span class='ocrx_word' id='word_1_80' title='bbox 646 1542 680 1602; x_wconf 87' lang='grc' dir='ltr'><strong><em>τά</em></strong></span> <span class='ocrx_word' id='word_1_81' title='bbox 702 1549 771 1602; x_wconf 78' lang='grc' dir='ltr'><strong><em>θεῖα</em></strong></span> <span class='ocrx_word' id='word_1_82' title='bbox 792 1540 887 1611; x_wconf 85' lang='grc' dir='ltr'><strong><em>συίζειν</em></strong></span> <span class='ocrx_word' id='word_1_83' title='bbox 908 1540 1068 1619; x_wconf 75' lang='grc' dir='ltr'><strong><em>ἀναλογίαν.</em></strong></span> <span class='ocrx_word' id='word_1_84' title='bbox 1108 1546 1155 1602; x_wconf 86' lang='grc' dir='ltr'><strong><em>καί</em></strong></span> <span class='ocrx_word' id='word_1_85' title='bbox 1175 1546 1230 1624; x_wconf 82' lang='grc' dir='ltr'><strong><em>γάρ</em></strong></span> <span class='ocrx_word' id='word_1_86' title='bbox 1251 1551 1306 1605; x_wconf 80' lang='grc' dir='ltr'><strong><em>ίκεῖ</em></strong></span> <span class='ocrx_word' id='word_1_87' title='bbox 1325 1552 1396 1623; x_wconf 88' lang='grc' dir='ltr'><strong><em>με’νει</em></strong></span> <span class='ocrx_word' id='word_1_88' title='bbox 1416 1550 1466 1623; x_wconf 68' lang='grc' dir='ltr'><strong><em>μὲν</em></strong></span> 
     </span>
     <span class='ocr_line' id='line_1_10' title="bbox 375 1635 1468 1724; baseline 0.001 -20"><span class='ocrx_word' id='word_1_89' title='bbox 375 1648 407 1705; x_wconf 85' lang='grc' dir='ltr'><strong><em>τό</em></strong></span> <span class='ocrx_word' id='word_1_90' title='bbox 430 1646 463 1707; x_wconf 83' lang='grc' dir='ltr'><strong><em>ὂν</em></strong></span> <span class='ocrx_word' id='word_1_91' title='bbox 484 1647 623 1722; x_wconf 77' lang='grc' dir='ltr'><strong><em>ἡνωμένον</em></strong></span> <span class='ocrx_word' id='word_1_92' title='bbox 643 1648 681 1721; x_wconf 75' lang='grc' dir='ltr'><strong><em>τῷ</em></strong></span> <span class='ocrx_word' id='word_1_93' title='bbox 702 1650 760 1705; x_wconf 64' lang='lat' dir='ltr'><strong><em>M*</em></strong></span> <span class='ocrx_word' id='word_1_94' title='bbox 778 1643 885 1723; x_wconf 80' lang='grc' dir='ltr'><strong><em>πρόεισι</em></strong></span> <span class='ocrx_word' id='word_1_95' title='bbox 905 1646 935 1704; x_wconf 74' lang='grc' dir='ltr'><strong><em>δὲ</em></strong></span> <span class='ocrx_word' id='word_1_96' title='bbox 957 1645 973 1705; x_wconf 98' lang='lat'>6</span> <span class='ocrx_word' id='word_1_97' title='bbox 994 1635 1106 1715; x_wconf 79' lang='grc' dir='ltr'><strong><em>ζωτικάς</em></strong></span> <span class='ocrx_word' id='word_1_98' title='bbox 1127 1648 1192 1715; x_wconf 88' lang='grc' dir='ltr'><strong><em>νοῦς</em></strong></span> <span class='ocrx_word' id='word_1_99' title='bbox 1212 1649 1259 1705; x_wconf 79' lang='grc' dir='ltr'><strong><em>καί</em></strong></span> <span class='ocrx_word' id='word_1_100' title='bbox 1279 1646 1297 1721; x_wconf 79' lang='grc' dir='ltr'><em>ἦ</em></span> <span class='ocrx_word' id='word_1_101' title='bbox 1320 1647 1401 1724; x_wconf 81' lang='grc' dir='ltr'><strong><em>νοερά</em></strong></span> <span class='ocrx_word' id='word_1_102' title='bbox 1421 1647 1468 1722; x_wconf 82' lang='grc' dir='ltr'><strong><em>τής</em></strong></span> 
     </span>
     <span class='ocr_line' id='line_1_11' title="bbox 375 1745 1468 1828; baseline -0.014 -4"><span class='ocrx_word' id='word_1_103' title='bbox 375 1752 510 1828; x_wconf 64' lang='grc' dir='ltr'>Ψυλῆς’)</span> <span class='ocrx_word' id='word_1_104' title='bbox 538 1747 650 1825; x_wconf 84' lang='grc' dir='ltr'><strong><em>δύναμις</em></strong></span> <span class='ocrx_word' id='word_1_105' title='bbox 671 1746 707 1815; x_wconf 78' lang='grc' dir='ltr'><strong><em>εἷς</em></strong></span> <span class='ocrx_word' id='word_1_106' title='bbox 727 1747 758 1807; x_wconf 83' lang='grc' dir='ltr'><strong><em>τό</em></strong></span> <span class='ocrx_word' id='word_1_107' title='bbox 779 1747 902 1820; x_wconf 80' lang='grc' dir='ltr'><strong><em>πλῆθος·</em></strong></span> <span class='ocrx_word' id='word_1_108' title='bbox 936 1749 985 1806; x_wconf 81' lang='grc' dir='ltr'><strong><em>καί</em></strong></span> <span class='ocrx_word' id='word_1_109' title='bbox 1004 1746 1087 1808; x_wconf 88' lang='grc' dir='ltr'><strong><em>πάλιν</em></strong></span> <span class='ocrx_word' id='word_1_110' title='bbox 1109 1745 1283 1809; x_wconf 82' lang='grc' dir='ltr'><strong><em>α’νακαλεῖται</em></strong></span> <span class='ocrx_word' id='word_1_111' title='bbox 1302 1750 1334 1809; x_wconf 87' lang='grc' dir='ltr'><strong><em>τά</em></strong></span> <span class='ocrx_word' id='word_1_112' title='bbox 1356 1750 1468 1822; x_wconf 85' lang='grc' dir='ltr'><strong><em>πλήθυς</em></strong></span> 
     </span>
     <span class='ocr_line' id='line_1_12' title="bbox 375 1849 1468 1930; baseline 0.003 -20"><span class='ocrx_word' id='word_1_113' title='bbox 375 1853 414 1918; x_wconf 83' lang='grc' dir='ltr'><strong><em>είς</em></strong></span> <span class='ocrx_word' id='word_1_114' title='bbox 435 1853 486 1922; x_wconf 78' lang='grc' dir='ltr'><strong><em>τήν</em></strong></span> <span class='ocrx_word' id='word_1_115' title='bbox 507 1850 611 1919; x_wconf 71' lang='grc' dir='ltr'><strong><em>ἕνωσιν,</em></strong></span> <span class='ocrx_word' id='word_1_116' title='bbox 633 1852 680 1908; x_wconf 82' lang='grc' dir='ltr'><strong><em>καλ</em></strong></span> <span class='ocrx_word' id='word_1_117' title='bbox 700 1851 771 1909; x_wconf 78' lang='grc' dir='ltr'><strong><em>ἔστιν</em></strong></span> <span class='ocrx_word' id='word_1_118' title='bbox 791 1857 821 1911; x_wconf 81' lang='grc' dir='ltr'><strong><em>ίν</em></strong></span> <span class='ocrx_word' id='word_1_119' title='bbox 840 1851 878 1926; x_wconf 81' lang='grc' dir='ltr'><strong><em>τῷ</em></strong></span> <span class='ocrx_word' id='word_1_120' title='bbox 899 1852 972 1927; x_wconf 69' lang='grc' dir='ltr'><strong><em>μέσῳ</em></strong></span> <span class='ocrx_word' id='word_1_121' title='bbox 993 1849 1131 1929; x_wconf 76' lang='grc' dir='ltr'><strong><em>διακόσμῳ</em></strong></span> <span class='ocrx_word' id='word_1_122' title='bbox 1152 1854 1263 1924; x_wconf 79' lang='grc' dir='ltr'><strong><em>πλῆθος</em></strong></span> <span class='ocrx_word' id='word_1_123' title='bbox 1273 1853 1305 1930; x_wconf 84' lang='lat'><strong><em>⁴)</em></strong></span> <span class='ocrx_word' id='word_1_124' title='bbox 1327 1857 1378 1929; x_wconf 75' lang='grc' dir='ltr'><strong><em>μὲν</em></strong></span> <span class='ocrx_word' id='word_1_125' title='bbox 1397 1850 1417 1925; x_wconf 85' lang='grc' dir='ltr'><strong><em>ή</em></strong></span> <span class='ocrx_word' id='word_1_126' title='bbox 1438 1857 1468 1913; x_wconf 81' lang='grc' dir='ltr'><strong><em>ἐν</em></strong></span> 
     </span>
     <span class='ocr_line' id='line_1_13' title="bbox 374 1950 1467 2032; baseline 0.001 -20"><span class='ocrx_word' id='word_1_127' title='bbox 374 1955 414 2031; x_wconf 74' lang='grc' dir='ltr'><strong><em>τῷ</em></strong></span> <span class='ocrx_word' id='word_1_128' title='bbox 435 1951 533 2031; x_wconf 85' lang='grc' dir='ltr'><strong><em>προίτῳ</em></strong></span> <span class='ocrx_word' id='word_1_129' title='bbox 553 1953 669 2028; x_wconf 84' lang='grc' dir='ltr'><strong><em>μάλλον·</em></strong></span> <span class='ocrx_word' id='word_1_130' title='bbox 697 1950 787 2011; x_wconf 86' lang='grc' dir='ltr'><strong><em>πάντα</em></strong></span> <span class='ocrx_word' id='word_1_131' title='bbox 808 1954 863 2031; x_wconf 87' lang='grc' dir='ltr'><strong><em>γάρ</em></strong></span> <span class='ocrx_word' id='word_1_132' title='bbox 884 1960 938 2012; x_wconf 73' lang='grc' dir='ltr'><strong><em>ἐκεῖ</em></strong></span> <span class='ocrx_word' id='word_1_133' title='bbox 958 1954 1127 2029; x_wconf 75' lang='grc' dir='ltr'><strong><em>μοναδικός·</em></strong></span> <span class='ocrx_word' id='word_1_134' title='bbox 1156 1954 1255 2021; x_wconf 82' lang='grc' dir='ltr'><strong><em>πάντες</em></strong></span> <span class='ocrx_word' id='word_1_135' title='bbox 1276 1955 1349 2032; x_wconf 59' lang='lat'><strong><em>03⁵)</em></strong></span> <span class='ocrx_word' id='word_1_136' title='bbox 1372 1957 1398 2014; x_wconf 78' lang='grc' dir='ltr'><strong><em>οἱ</em></strong></span> <span class='ocrx_word' id='word_1_137' title='bbox 1418 1953 1467 2013; x_wconf 88' lang='grc' dir='ltr'><strong><em>λό-</em></strong></span> 
     </span>
     <span class='ocr_line' id='line_1_14' title="bbox 374 2050 1466 2134; baseline 0 -18"><span class='ocrx_word' id='word_1_138' title='bbox 374 2081 422 2134; x_wconf 89' lang='grc' dir='ltr'><strong><em>γοι</em></strong></span> <span class='ocrx_word' id='word_1_139' title='bbox 443 2058 490 2115; x_wconf 86' lang='grc' dir='ltr'><strong><em>καί</em></strong></span> <span class='ocrx_word' id='word_1_140' title='bbox 511 2056 598 2115; x_wconf 82' lang='grc' dir='ltr'><strong><em>πόσαι</em></strong></span> <span class='ocrx_word' id='word_1_141' title='bbox 619 2056 649 2113; x_wconf 79' lang='grc' dir='ltr'><strong><em>αλ</em></strong></span> <span class='ocrx_word' id='word_1_142' title='bbox 666 2050 791 2131; x_wconf 88' lang='grc' dir='ltr'><strong><em>δυνάμεις</em></strong></span> <span class='ocrx_word' id='word_1_143' title='bbox 811 2051 959 2123; x_wconf 71' lang='grc' dir='ltr'><strong><em>αὐτοτελεῖς</em></strong></span> <span class='ocrx_word' id='word_1_144' title='bbox 979 2057 1037 2126; x_wconf 76' lang='grc' dir='ltr'><strong><em>εἰσι,</em></strong></span> <span class='ocrx_word' id='word_1_145' title='bbox 1059 2058 1107 2114; x_wconf 84' lang='grc' dir='ltr'><strong><em>καί</em></strong></span> <span class='ocrx_word' id='word_1_146' title='bbox 1128 2057 1239 2125; x_wconf 66' lang='grc' dir='ltr'><strong><em>ἔκαστος</em></strong></span> <span class='ocrx_word' id='word_1_147' title='bbox 1259 2056 1343 2134; x_wconf 86' lang='grc' dir='ltr'><strong><em>λόγος</em></strong></span> <span class='ocrx_word' id='word_1_148' title='bbox 1365 2057 1466 2118; x_wconf 74' lang='grc' dir='ltr'><strong><em>οἰκείου</em></strong></span> 
     </span>
     <span class='ocr_line' id='line_1_15' title="bbox 375 2156 1532 2237; baseline 0.001 -20"><span class='ocrx_word' id='word_1_149' title='bbox 375 2159 504 2232; x_wconf 87' lang='grc' dir='ltr'><strong><em>πλήθους</em></strong></span> <span class='ocrx_word' id='word_1_150' title='bbox 522 2158 640 2234; x_wconf 81' lang='grc' dir='ltr'><strong><em>ήγεῖται,</em></strong></span> <span class='ocrx_word' id='word_1_151' title='bbox 663 2156 680 2217; x_wconf 89' lang='lat'>6</span> <span class='ocrx_word' id='word_1_152' title='bbox 700 2161 748 2217; x_wconf 78' lang='grc' dir='ltr'><strong><em>καί</em></strong></span> <span class='ocrx_word' id='word_1_153' title='bbox 768 2157 897 2218; x_wconf 85' lang='grc' dir='ltr'><strong><em>συνάπτει</em></strong></span> <span class='ocrx_word' id='word_1_154' title='bbox 919 2159 967 2217; x_wconf 82' lang='grc' dir='ltr'><strong><em>καί</em></strong></span> <span class='ocrx_word' id='word_1_155' title='bbox 986 2165 1044 2218; x_wconf 74' lang='grc' dir='ltr'><strong><em>ἑνοῖ</em></strong></span> <span class='ocrx_word' id='word_1_156' title='bbox 1062 2157 1133 2237; x_wconf 86' lang='grc' dir='ltr'><strong><em>πρός</em></strong></span> <span class='ocrx_word' id='word_1_157' title='bbox 1153 2159 1183 2219; x_wconf 86' lang='grc' dir='ltr'><strong><em>τό</em></strong></span> <span class='ocrx_word' id='word_1_158' title='bbox 1208 2161 1250 2229; x_wconf 73' lang='grc' dir='ltr'><strong><em>ἕν,</em></strong></span> <span class='ocrx_word' id='word_1_159' title='bbox 1274 2162 1320 2218; x_wconf 79' lang='grc' dir='ltr'><strong><em>καί</em></strong></span> <span class='ocrx_word' id='word_1_160' title='bbox 1341 2156 1532 2237; x_wconf 72' lang='grc' dir='ltr'><strong><em>ἀναπομ-108</em></strong></span> 
     </span>
     <span class='ocr_line' id='line_1_16' title="bbox 375 2259 1466 2340; baseline 0.001 -19"><span class='ocrx_word' id='word_1_161' title='bbox 375 2286 421 2322; x_wconf 91' lang='grc' dir='ltr'><strong><em>πει</em></strong></span> <span class='ocrx_word' id='word_1_162' title='bbox 441 2260 510 2340; x_wconf 88' lang='grc' dir='ltr'><strong><em>πρός</em></strong></span> <span class='ocrx_word' id='word_1_163' title='bbox 530 2260 579 2334; x_wconf 84' lang='grc' dir='ltr'><strong><em>τήν</em></strong></span> <span class='ocrx_word' id='word_1_164' title='bbox 598 2259 782 2333; x_wconf 85' lang='grc' dir='ltr'><strong><em>ῦπαοτστικήν</em></strong></span> <span class='ocrx_word' id='word_1_165' title='bbox 809 2262 863 2320; x_wconf 80' lang='grc' dir='ltr'><strong><em>τάν</em></strong></span> <span class='ocrx_word' id='word_1_166' title='bbox 890 2261 962 2320; x_wconf 84' lang='grc' dir='ltr'><strong><em>ὅλοιν</em></strong></span> <span class='ocrx_word' id='word_1_167' title='bbox 988 2262 1039 2334; x_wconf 81' lang='grc' dir='ltr'><strong><em>τήν</em></strong></span> <span class='ocrx_word' id='word_1_168' title='bbox 1067 2263 1190 2339; x_wconf 89' lang='grc' dir='ltr'><strong><em>μονάδα·</em></strong></span> <span class='ocrx_word' id='word_1_169' title='bbox 1206 2263 1254 2336; x_wconf 34' lang='grc' dir='ltr'><strong><em>,τά</em></strong></span> <span class='ocrx_word' id='word_1_170' title='bbox 1275 2266 1304 2323; x_wconf 78' lang='grc' dir='ltr'><strong><em>δὲ</em></strong></span> <span class='ocrx_word' id='word_1_171' title='bbox 1326 2260 1397 2322; x_wconf 84' lang='grc' dir='ltr'><strong><em>αῦτά</em></strong></span> <span class='ocrx_word' id='word_1_172' title='bbox 1419 2265 1466 2322; x_wconf 76' lang='grc' dir='ltr'><strong><em>καί</em></strong></span> 
     </span>
     <span class='ocr_line' id='line_1_17' title="bbox 375 2363 1467 2444; baseline 0.001 -21"><span class='ocrx_word' id='word_1_173' title='bbox 375 2366 439 2444; x_wconf 81' lang='grc' dir='ltr'><strong><em>περί</em></strong></span> <span class='ocrx_word' id='word_1_174' title='bbox 460 2367 509 2425; x_wconf 84' lang='grc' dir='ltr'><strong><em>τοῦ</em></strong></span> <span class='ocrx_word' id='word_1_175' title='bbox 528 2366 664 2440; x_wconf 75' lang='grc' dir='ltr'><strong><em>μεθεκτοῦ</em></strong></span> <span class='ocrx_word' id='word_1_176' title='bbox 684 2367 746 2439; x_wconf 72' lang='grc' dir='ltr'><strong><em>μέν,</em></strong></span> <span class='ocrx_word' id='word_1_177' title='bbox 769 2363 863 2423; x_wconf 86' lang='grc' dir='ltr'><strong><em>όλικοῦ</em></strong></span> <span class='ocrx_word' id='word_1_178' title='bbox 883 2366 913 2422; x_wconf 74' lang='grc' dir='ltr'><strong><em>δὲ</em></strong></span> <span class='ocrx_word' id='word_1_179' title='bbox 934 2363 1045 2440; x_wconf 59' lang='grc' dir='ltr'><strong><em>νοῦθ),</em></strong></span> <span class='ocrx_word' id='word_1_180' title='bbox 1073 2363 1192 2425; x_wconf 80' lang='grc' dir='ltr'><strong><em>δυνατόν</em></strong></span> <span class='ocrx_word' id='word_1_181' title='bbox 1212 2389 1268 2426; x_wconf 92' lang='grc' dir='ltr'><strong><em>που</em></strong></span> <span class='ocrx_word' id='word_1_182' title='bbox 1289 2370 1391 2443; x_wconf 84' lang='grc' dir='ltr'><strong><em>λίγειν,</em></strong></span> <span class='ocrx_word' id='word_1_183' title='bbox 1423 2364 1467 2425; x_wconf 85' lang='grc' dir='ltr'><strong><em>δ’τι</em></strong></span> 
     </span>
     <span class='ocr_line' id='line_1_18' title="bbox 376 2462 1466 2545; baseline -0.002 -16"><span class='ocrx_word' id='word_1_184' title='bbox 376 2466 539 2545; x_wconf 82' lang='grc' dir='ltr'><strong><em>συναγωγάς</em></strong></span> <span class='ocrx_word' id='word_1_185' title='bbox 559 2474 613 2526; x_wconf 78' lang='grc' dir='ltr'><strong><em>ἐστι</em></strong></span> <span class='ocrx_word' id='word_1_186' title='bbox 634 2468 684 2525; x_wconf 88' lang='grc' dir='ltr'><strong><em>τοῦ</em></strong></span> <span class='ocrx_word' id='word_1_187' title='bbox 704 2462 813 2542; x_wconf 85' lang='grc' dir='ltr'><strong><em>μερικοῦ</em></strong></span> <span class='ocrx_word' id='word_1_188' title='bbox 836 2463 885 2524; x_wconf 78' lang='grc' dir='ltr'><strong><em>νοῦ</em></strong></span> <span class='ocrx_word' id='word_1_189' title='bbox 907 2463 1011 2531; x_wconf 85' lang='grc' dir='ltr'><strong><em>παντός</em></strong></span> <span class='ocrx_word' id='word_1_190' title='bbox 1032 2466 1100 2541; x_wconf 83' lang='grc' dir='ltr'><strong><em>πρός</em></strong></span> <span class='ocrx_word' id='word_1_191' title='bbox 1119 2466 1170 2524; x_wconf 85' lang='grc' dir='ltr'><strong><em>τόν</em></strong></span> <span class='ocrx_word' id='word_1_192' title='bbox 1190 2467 1255 2526; x_wconf 82' lang='grc' dir='ltr'><strong><em>ὅλον</em></strong></span> <span class='ocrx_word' id='word_1_193' title='bbox 1277 2467 1324 2527; x_wconf 80' lang='grc' dir='ltr'><strong><em>καί</em></strong></span> <span class='ocrx_word' id='word_1_194' title='bbox 1345 2467 1466 2544; x_wconf 83' lang='grc' dir='ltr'><strong><em>άμίθεκ-</em></strong></span> 
     </span>
     <span class='ocr_line' id='line_1_19' title="bbox 374 2563 1466 2645; baseline -0.004 -12"><span class='ocrx_word' id='word_1_195' title='bbox 374 2596 438 2642; x_wconf 86' lang='grc' dir='ltr'><strong><em>τον,</em></strong></span> <span class='ocrx_word' id='word_1_196' title='bbox 460 2574 674 2645; x_wconf 81' lang='grc' dir='ltr'><strong><em>πολυειῦόστερος</em></strong></span> <span class='ocrx_word' id='word_1_197' title='bbox 696 2564 734 2624; x_wconf 81' lang='grc' dir='ltr'><strong><em>ῦν</em></strong></span> <span class='ocrx_word' id='word_1_198' title='bbox 755 2563 855 2634; x_wconf 87' lang='grc' dir='ltr'><strong><em>αῦτοῦ,</em></strong></span> <span class='ocrx_word' id='word_1_199' title='bbox 884 2568 1024 2641; x_wconf 78' lang='grc' dir='ltr'><strong><em>διαφέρων</em></strong></span> <span class='ocrx_word' id='word_1_200' title='bbox 1045 2568 1074 2624; x_wconf 71' lang='grc' dir='ltr'><strong><em>δι’</em></strong></span> <span class='ocrx_word' id='word_1_201' title='bbox 1094 2567 1145 2626; x_wconf 88' lang='grc' dir='ltr'><strong><em>τοῦ</em></strong></span> <span class='ocrx_word' id='word_1_202' title='bbox 1166 2566 1259 2627; x_wconf 84' lang='grc' dir='ltr'><strong><em>ὄλικοῦ</em></strong></span> <span class='ocrx_word' id='word_1_203' title='bbox 1281 2571 1319 2645; x_wconf 74' lang='grc' dir='ltr'><strong><em>τῷ</em></strong></span> <span class='ocrx_word' id='word_1_204' title='bbox 1340 2568 1466 2630; x_wconf 83' lang='grc' dir='ltr'><strong><em>όλικιάτε-</em></strong></span> 
     </span>
     <span class='ocr_line' id='line_1_20' title="bbox 375 2657 1468 2756; baseline 0 -24"><span class='ocrx_word' id='word_1_205' title='bbox 375 2700 424 2756; x_wconf 83' lang='grc' dir='ltr'><strong><em>ρος</em></strong></span> <span class='ocrx_word' id='word_1_206' title='bbox 450 2674 594 2752; x_wconf 69' lang='grc' dir='ltr'><strong><em>τ’πάρχειν·</em></strong></span> <span class='ocrx_word' id='word_1_207' title='bbox 626 2666 732 2732; x_wconf 74' lang='grc' dir='ltr'><strong><em>τούτοις</em></strong></span> <span class='ocrx_word' id='word_1_208' title='bbox 753 2669 782 2723; x_wconf 77' lang='grc' dir='ltr'><strong><em>δὲ</em></strong></span> <span class='ocrx_word' id='word_1_209' title='bbox 807 2657 879 2735; x_wconf 83' lang='grc' dir='ltr'><strong><em>ήσαν</em></strong></span> <span class='ocrx_word' id='word_1_210' title='bbox 906 2665 1042 2742; x_wconf 78' lang='grc' dir='ltr'><strong><em>ἀνάλογον</em></strong></span> <span class='ocrx_word' id='word_1_211' title='bbox 1068 2670 1094 2725; x_wconf 81' lang='grc' dir='ltr'><strong><em>οἱ</em></strong></span> <span class='ocrx_word' id='word_1_212' title='bbox 1123 2665 1231 2748; x_wconf 77' lang='grc' dir='ltr'><strong><em>ἄνδρες,</em></strong></span> <span class='ocrx_word' id='word_1_213' title='bbox 1261 2670 1277 2729; x_wconf 92' lang='lat'>6</span> <span class='ocrx_word' id='word_1_214' title='bbox 1298 2675 1349 2747; x_wconf 82' lang='grc' dir='ltr'><strong><em>μλν</em></strong></span> <span class='ocrx_word' id='word_1_215' title='bbox 1368 2673 1407 2749; x_wconf 72' lang='grc' dir='ltr'><strong><em>τῷ</em></strong></span> <span class='ocrx_word' id='word_1_216' title='bbox 1427 2674 1468 2734; x_wconf 77' lang='grc' dir='ltr'><strong><em>ίνλ</em></strong></span> 
     </span>
     <span class='ocr_line' id='line_1_21' title="bbox 374 2762 1466 2852; baseline -0.004 -14"><span class='ocrx_word' id='word_1_217' title='bbox 374 2778 451 2848; x_wconf 77' lang='grc' dir='ltr'><strong><em>ὄντι,</em></strong></span> <span class='ocrx_word' id='word_1_218' title='bbox 473 2777 488 2836; x_wconf 89' lang='lat'>6</span> <span class='ocrx_word' id='word_1_219' title='bbox 512 2780 541 2833; x_wconf 82' lang='grc' dir='ltr'><strong><em>δὲ</em></strong></span> <span class='ocrx_word' id='word_1_220' title='bbox 562 2775 600 2848; x_wconf 76' lang='grc' dir='ltr'><strong><em>τῷ</em></strong></span> <span class='ocrx_word' id='word_1_221' title='bbox 625 2769 725 2845; x_wconf 77' lang='grc' dir='ltr'><strong><em>ζωτικῷ</em></strong></span> <span class='ocrx_word' id='word_1_222' title='bbox 746 2762 902 2844; x_wconf 86' lang='grc' dir='ltr'><strong><em>διακόσμῳ,</em></strong></span> <span class='ocrx_word' id='word_1_223' title='bbox 924 2763 939 2827; x_wconf 86' lang='grc' dir='ltr'><strong><em>δ</em></strong></span> <span class='ocrx_word' id='word_1_224' title='bbox 963 2769 993 2826; x_wconf 79' lang='grc' dir='ltr'><strong><em>δὲ</em></strong></span> <span class='ocrx_word' id='word_1_225' title='bbox 1013 2769 1052 2844; x_wconf 74' lang='grc' dir='ltr'><strong><em>τῷ</em></strong></span> <span class='ocrx_word' id='word_1_226' title='bbox 1074 2771 1173 2847; x_wconf 73' lang='grc' dir='ltr'><strong><em>νοερῷ·</em></strong></span> <span class='ocrx_word' id='word_1_227' title='bbox 1205 2773 1252 2828; x_wconf 80' lang='grc' dir='ltr'><strong><em>καί</em></strong></span> <span class='ocrx_word' id='word_1_228' title='bbox 1272 2772 1328 2830; x_wconf 82' lang='grc' dir='ltr'><strong><em>τῦν</em></strong></span> <span class='ocrx_word' id='word_1_229' title='bbox 1348 2773 1466 2852; x_wconf 59' lang='grc' dir='ltr'><strong><em>νόωνλ)</em></strong></span> 
     </span>
     <span class='ocr_line' id='line_1_22' title="bbox 373 2867 1468 2957; baseline 0 -23"><span class='ocrx_word' id='word_1_230' title='bbox 373 2883 390 2944; x_wconf 79' lang='grc' dir='ltr'>ὅ</span> <span class='ocrx_word' id='word_1_231' title='bbox 416 2886 467 2957; x_wconf 85' lang='grc' dir='ltr'><strong><em>μὲν</em></strong></span> <span class='ocrx_word' id='word_1_232' title='bbox 488 2875 557 2953; x_wconf 86' lang='grc' dir='ltr'><strong><em>πρός</em></strong></span> <span class='ocrx_word' id='word_1_233' title='bbox 577 2874 627 2932; x_wconf 87' lang='grc' dir='ltr'><strong><em>τόν</em></strong></span> <span class='ocrx_word' id='word_1_234' title='bbox 647 2873 712 2931; x_wconf 85' lang='grc' dir='ltr'><strong><em>ὅλον</em></strong></span> <span class='ocrx_word' id='word_1_235' title='bbox 732 2873 779 2930; x_wconf 84' lang='grc' dir='ltr'><strong><em>καί</em></strong></span> <span class='ocrx_word' id='word_1_236' title='bbox 800 2868 967 2946; x_wconf 80' lang='grc' dir='ltr'><strong><em>άμόθεκτον,</em></strong></span> <span class='ocrx_word' id='word_1_237' title='bbox 989 2867 1005 2929; x_wconf 87' lang='grc' dir='ltr'><strong><em>δ</em></strong></span> <span class='ocrx_word' id='word_1_238' title='bbox 1028 2875 1056 2930; x_wconf 76' lang='grc' dir='ltr'><strong><em>δι’</em></strong></span> <span class='ocrx_word' id='word_1_239' title='bbox 1079 2872 1148 2950; x_wconf 85' lang='grc' dir='ltr'><strong><em>πρός</em></strong></span> <span class='ocrx_word' id='word_1_240' title='bbox 1168 2872 1219 2932; x_wconf 88' lang='grc' dir='ltr'><strong><em>τόν</em></strong></span> <span class='ocrx_word' id='word_1_241' title='bbox 1240 2871 1304 2930; x_wconf 74' lang='grc' dir='ltr'><strong><em>ὅλον</em></strong></span> <span class='ocrx_word' id='word_1_242' title='bbox 1325 2872 1372 2930; x_wconf 84' lang='grc' dir='ltr'><strong><em>κοιλ</em></strong></span> <span class='ocrx_word' id='word_1_243' title='bbox 1393 2882 1468 2949; x_wconf 85' lang='grc' dir='ltr'><strong><em>μεθ·</em></strong></span> 
     </span>
    </p>
   </div>
   <div class='ocr_carea' id='block_1_3' title="bbox 374 2973 862 3054">
    <p class='ocr_par' dir='ltr' id='par_1_3' title="bbox 374 2973 862 3054">
     <span class='ocr_line' id='line_1_23' title="bbox 374 2973 862 3054; baseline -0.033 -9"><span class='ocrx_word' id='word_1_244' title='bbox 374 2983 472 3053; x_wconf 87' lang='grc' dir='ltr'><strong><em>εκτόν,</em></strong></span> <span class='ocrx_word' id='word_1_245' title='bbox 495 2981 510 3039; x_wconf 89' lang='grc' dir='ltr'><strong><em>δ</em></strong></span> <span class='ocrx_word' id='word_1_246' title='bbox 534 2983 562 3038; x_wconf 77' lang='grc' dir='ltr'><strong><em>δὲ</em></strong></span> <span class='ocrx_word' id='word_1_247' title='bbox 584 2978 653 3054; x_wconf 87' lang='grc' dir='ltr'><strong><em>πρός</em></strong></span> <span class='ocrx_word' id='word_1_248' title='bbox 674 2974 723 3036; x_wconf 87' lang='grc' dir='ltr'><strong><em>τόν</em></strong></span> <span class='ocrx_word' id='word_1_249' title='bbox 744 2973 862 3052; x_wconf 86' lang='grc' dir='ltr'><strong><em>μερικόν.</em></strong></span> 
     </span>
    </p>
   </div>
   <div class='ocr_carea' id='block_1_4' title="bbox 376 3137 1466 3642">
    <p class='ocr_par' dir='ltr' id='par_1_4' title="bbox 376 3137 1466 3642">
     <span class='ocr_line' id='line_1_24' title="bbox 463 3137 1466 3226; baseline -0.004 -16"><span class='ocrx_word' id='word_1_250' title='bbox 463 3147 693 3222; x_wconf 88' lang='grc' dir='ltr'><strong><em>,,Μανθάνω,</em></strong></span> <span class='ocrx_word' id='word_1_251' title='bbox 722 3146 839 3206; x_wconf 81' lang='grc' dir='ltr'><strong><em>εἰπεῖν</em></strong></span> <span class='ocrx_word' id='word_1_252' title='bbox 865 3145 927 3204; x_wconf 87' lang='grc' dir='ltr'><strong><em>τόν</em></strong></span> <span class='ocrx_word' id='word_1_253' title='bbox 954 3145 1160 3224; x_wconf 83' lang='grc' dir='ltr'><strong><em>Σωκράτην,</em></strong></span> <span class='ocrx_word' id='word_1_254' title='bbox 1194 3137 1216 3204; x_wconf 80' lang='grc' dir='ltr'><strong><em>τά</em></strong></span> <span class='ocrx_word' id='word_1_255' title='bbox 1242 3151 1466 3226; x_wconf 78' lang='grc' dir='ltr'><strong><em>Παρμενίδη,</em></strong></span> 
     </span>
     <span class='ocr_line' id='line_1_25' title="bbox 376 3242 1466 3328; baseline -0.005 -14"><span class='ocrx_word' id='word_1_256' title='bbox 376 3258 458 3326; x_wconf 88' lang='grc' dir='ltr'><strong><em>,,ὅτι</em></strong></span> <span class='ocrx_word' id='word_1_257' title='bbox 480 3253 595 3326; x_wconf 85' lang='grc' dir='ltr'><strong><em>Ζήνων</em></strong></span> <span class='ocrx_word' id='word_1_258' title='bbox 617 3250 674 3309; x_wconf 84' lang='grc' dir='ltr'><strong><em>ὅδε</em></strong></span> <span class='ocrx_word' id='word_1_259' title='bbox 696 3244 737 3307; x_wconf 89' lang='grc' dir='ltr'><strong><em>οῦ</em></strong></span> <span class='ocrx_word' id='word_1_260' title='bbox 758 3247 870 3325; x_wconf 89' lang='grc' dir='ltr'><strong><em>μόνον</em></strong></span> <span class='ocrx_word' id='word_1_261' title='bbox 896 3242 936 3328; x_wconf 74' lang='grc' dir='ltr'><strong><em>τῇ</em></strong></span> <span class='ocrx_word' id='word_1_262' title='bbox 966 3244 1050 3328; x_wconf 81' lang='grc' dir='ltr'><strong><em>άλλη</em></strong></span> <span class='ocrx_word' id='word_1_263' title='bbox 1079 3271 1143 3306; x_wconf 85' lang='grc' dir='ltr'><strong><em>σου</em></strong></span> <span class='ocrx_word' id='word_1_264' title='bbox 1170 3254 1272 3326; x_wconf 77' lang='grc' dir='ltr'><strong><em>φιλίῳ</em></strong></span> <span class='ocrx_word' id='word_1_265' title='bbox 1293 3251 1466 3326; x_wconf 80' lang='grc' dir='ltr'><strong><em>βούλεται</em></strong></span> 
     </span>
     <span class='ocr_line' id='line_1_26' title="bbox 376 3349 1465 3433; baseline -0.006 -12"><span class='ocrx_word' id='word_1_266' title='bbox 376 3353 700 3433; x_wconf 63' lang='grc' dir='ltr'><strong><em>,,οίκειοῦσθαι“),</em></strong></span> <span class='ocrx_word' id='word_1_267' title='bbox 739 3349 826 3409; x_wconf 82' lang='grc' dir='ltr'><strong><em>άλλά</em></strong></span> <span class='ocrx_word' id='word_1_268' title='bbox 855 3354 913 3412; x_wconf 85' lang='grc' dir='ltr'><strong><em>καί</em></strong></span> <span class='ocrx_word' id='word_1_269' title='bbox 942 3353 986 3429; x_wconf 73' lang='grc' dir='ltr'><strong><em>τῷ</em></strong></span> <span class='ocrx_word' id='word_1_270' title='bbox 1021 3349 1294 3427; x_wconf 84' lang='grc' dir='ltr'><strong><em>συγγράμματι·</em></strong></span> <span class='ocrx_word' id='word_1_271' title='bbox 1331 3352 1465 3414; x_wconf 84' lang='grc' dir='ltr'><strong><em>τοῦτόν</em></strong></span> 
     </span>
     <span class='ocr_line' id='line_1_27' title="bbox 376 3452 1465 3542; baseline -0.004 -22"><span class='ocrx_word' id='word_1_272' title='bbox 376 3465 468 3542; x_wconf 59' lang='grc' dir='ltr'><strong><em>»γάρ</em></strong></span> <span class='ocrx_word' id='word_1_273' title='bbox 503 3463 664 3538; x_wconf 75' lang='grc' dir='ltr'><strong><em>γέγραφε</em></strong></span> <span class='ocrx_word' id='word_1_274' title='bbox 699 3452 833 3533; x_wconf 88' lang='grc' dir='ltr'><strong><em>τρόπον</em></strong></span> <span class='ocrx_word' id='word_1_275' title='bbox 858 3455 939 3513; x_wconf 91' lang='grc' dir='ltr'><strong><em>τινά</em></strong></span> <span class='ocrx_word' id='word_1_276' title='bbox 976 3455 1061 3530; x_wconf 78' lang='grc' dir='ltr'><strong><em>ὅπερ</em></strong></span> <span class='ocrx_word' id='word_1_277' title='bbox 1090 3452 1146 3522; x_wconf 84' lang='grc' dir='ltr'><strong><em>οῦ,</em></strong></span> <span class='ocrx_word' id='word_1_278' title='bbox 1188 3457 1403 3531; x_wconf 77' lang='grc' dir='ltr'><strong><em>μεταβαλών</em></strong></span> <span class='ocrx_word' id='word_1_279' title='bbox 1430 3459 1465 3516; x_wconf 72' lang='grc' dir='ltr'><strong><em>δι’</em></strong></span> 
     </span>
     <span class='ocr_line' id='line_1_28' title="bbox 376 3553 1465 3642; baseline -0.006 -19"><span class='ocrx_word' id='word_1_280' title='bbox 376 3567 490 3642; x_wconf 81' lang='grc' dir='ltr'><strong><em>,,ήμτἐ’ς</em></strong></span> <span class='ocrx_word' id='word_1_281' title='bbox 511 3558 679 3639; x_wconf 82' lang='grc' dir='ltr'><strong><em>πειράτιιι</em></strong></span> <span class='ocrx_word' id='word_1_282' title='bbox 701 3557 887 3624; x_wconf 76' lang='grc' dir='ltr'><strong><em>ἐξαπατᾶν</em></strong></span> <span class='ocrx_word' id='word_1_283' title='bbox 909 3556 952 3625; x_wconf 77' lang='grc' dir='ltr'><strong><em>ὥς</em></strong></span> <span class='ocrx_word' id='word_1_284' title='bbox 974 3553 1096 3634; x_wconf 76' lang='grc' dir='ltr'><strong><em>δ’τερόν</em></strong></span> <span class='ocrx_word' id='word_1_285' title='bbox 1117 3581 1150 3614; x_wconf 91' lang='grc' dir='ltr'><strong><em>τι</em></strong></span> <span class='ocrx_word' id='word_1_286' title='bbox 1176 3560 1318 3632; x_wconf 79' lang='grc' dir='ltr'><strong><em>λόγων.“</em></strong></span> <span class='ocrx_word' id='word_1_287' title='bbox 1348 3557 1465 3636; x_wconf 70' lang='lat' dir='ltr'><strong>(steph.</strong></span> 
     </span>
    </p>
   </div>
   <div class='ocr_carea' id='block_1_5' title="bbox 378 3666 557 3745">
    <p class='ocr_par' dir='ltr' id='par_1_5' title="bbox 378 3666 557 3745">
     <span class='ocr_line' id='line_1_29' title="bbox 378 3666 557 3745; baseline -0.011 -21"><span class='ocrx_word' id='word_1_288' title='bbox 378 3689 406 3745; x_wconf 86' lang='lat' dir='ltr'><strong><em>p.</em></strong></span> <span class='ocrx_word' id='word_1_289' title='bbox 425 3669 494 3724; x_wconf 75' lang='lat'><strong>128.</strong></span> <span class='ocrx_word' id='word_1_290' title='bbox 509 3666 557 3739; x_wconf 88' lang='grc' dir='ltr'><strong><em>Α.)</em></strong></span> 
     </span>
    </p>
   </div>
   <div class='ocr_carea' id='block_1_6' title="bbox 466 3791 1467 3874">
    <p class='ocr_par' dir='ltr' id='par_1_6' title="bbox 466 3791 1467 3874">
     <span class='ocr_line' id='line_1_30' title="bbox 466 3791 1467 3874; baseline -0.008 -13"><span class='ocrx_word' id='word_1_291' title='bbox 466 3796 557 3861; x_wconf 80' lang='grc' dir='ltr'><strong><em>Πάλιν</em></strong></span> <span class='ocrx_word' id='word_1_292' title='bbox 585 3799 634 3869; x_wconf 87' lang='grc' dir='ltr'><strong><em>τήν</em></strong></span> <span class='ocrx_word' id='word_1_293' title='bbox 662 3797 737 3863; x_wconf 83' lang='grc' dir='ltr'><strong><em>τάξιν</em></strong></span> <span class='ocrx_word' id='word_1_294' title='bbox 764 3796 810 3867; x_wconf 85' lang='grc' dir='ltr'><strong><em>τής</em></strong></span> <span class='ocrx_word' id='word_1_295' title='bbox 839 3794 939 3855; x_wconf 85' lang='grc' dir='ltr'><strong><em>άνόδου</em></strong></span> <span class='ocrx_word' id='word_1_296' title='bbox 968 3799 1167 3865; x_wconf 81' lang='grc' dir='ltr'><strong><em>καταθεατὲον,</em></strong></span> <span class='ocrx_word' id='word_1_297' title='bbox 1195 3798 1256 3863; x_wconf 84' lang='grc' dir='ltr'><strong><em>πῦς</em></strong></span> <span class='ocrx_word' id='word_1_298' title='bbox 1283 3796 1298 3854; x_wconf 88' lang='grc' dir='ltr'>ὁ</span> <span class='ocrx_word' id='word_1_299' title='bbox 1321 3791 1467 3874; x_wconf 80' lang='grc' dir='ltr'><strong><em>Σωκράτης</em></strong></span> 
     </span>
    </p>
   </div>
   <div class='ocr_carea' id='block_1_7' title="bbox 380 3896 1468 3981">
    <p class='ocr_par' dir='ltr' id='par_1_7' title="bbox 380 3896 1468 3981">
     <span class='ocr_line' id='line_1_31' title="bbox 380 3896 1468 3981; baseline -0.008 -18"><span class='ocrx_word' id='word_1_300' title='bbox 380 3907 419 3972; x_wconf 84' lang='grc' dir='ltr'><strong><em>είς</em></strong></span> <span class='ocrx_word' id='word_1_301' title='bbox 441 3901 595 3981; x_wconf 54' lang='grc' dir='ltr'><strong><em>δόναμινθ)</em></strong></span> <span class='ocrx_word' id='word_1_302' title='bbox 626 3900 723 3960; x_wconf 78' lang='grc' dir='ltr'><strong><em>ἑαυτόν</em></strong></span> <span class='ocrx_word' id='word_1_303' title='bbox 745 3898 884 3965; x_wconf 82' lang='grc' dir='ltr'><strong><em>οἶκειάσας</em></strong></span> <span class='ocrx_word' id='word_1_304' title='bbox 910 3900 948 3976; x_wconf 72' lang='grc' dir='ltr'><strong><em>τῷ</em></strong></span> <span class='ocrx_word' id='word_1_305' title='bbox 975 3898 1078 3970; x_wconf 88' lang='grc' dir='ltr'><strong><em>Ζήνωνι</em></strong></span> <span class='ocrx_word' id='word_1_306' title='bbox 1098 3898 1205 3976; x_wconf 85' lang='grc' dir='ltr'><strong><em>μετάγει</em></strong></span> <span class='ocrx_word' id='word_1_307' title='bbox 1226 3898 1295 3974; x_wconf 86' lang='grc' dir='ltr'><strong><em>πρός</em></strong></span> <span class='ocrx_word' id='word_1_308' title='bbox 1315 3896 1365 3955; x_wconf 86' lang='grc' dir='ltr'><strong><em>τόν</em></strong></span> <span class='ocrx_word' id='word_1_309' title='bbox 1385 3908 1468 3975; x_wconf 84' lang='grc' dir='ltr'><strong><em>Παρ-</em></strong></span> 
     </span>
    </p>
   </div>
   <div class='ocr_carea' id='block_1_8' title="bbox 379 3996 1466 4083">
    <p class='ocr_par' dir='ltr' id='par_1_8' title="bbox 379 3996 1466 4083">
     <span class='ocr_line' id='line_1_32' title="bbox 379 3996 1466 4083; baseline -0.01 -15"><span class='ocrx_word' id='word_1_310' title='bbox 379 4011 489 4083; x_wconf 79' lang='grc' dir='ltr'><strong><em>μενίδην</em></strong></span> <span class='ocrx_word' id='word_1_311' title='bbox 509 4008 559 4067; x_wconf 87' lang='grc' dir='ltr'><strong><em>τόν</em></strong></span> <span class='ocrx_word' id='word_1_312' title='bbox 580 4005 678 4080; x_wconf 85' lang='grc' dir='ltr'><strong><em>λόγον,</em></strong></span> <span class='ocrx_word' id='word_1_313' title='bbox 713 4007 760 4061; x_wconf 79' lang='grc' dir='ltr'><strong><em>καί</em></strong></span> <span class='ocrx_word' id='word_1_314' title='bbox 780 4003 824 4060; x_wconf 87' lang='grc' dir='ltr'><strong><em>διά</em></strong></span> <span class='ocrx_word' id='word_1_315' title='bbox 845 4005 927 4077; x_wconf 83' lang='grc' dir='ltr'><strong><em>μίσου</em></strong></span> <span class='ocrx_word' id='word_1_316' title='bbox 944 4003 994 4079; x_wconf 82' lang='lat'><strong><em>¹⁰)</em></strong></span> <span class='ocrx_word' id='word_1_317' title='bbox 1023 4002 1073 4061; x_wconf 87' lang='grc' dir='ltr'><strong><em>τοῦ</em></strong></span> <span class='ocrx_word' id='word_1_318' title='bbox 1095 4001 1218 4073; x_wconf 83' lang='grc' dir='ltr'><strong><em>Ζήνωνος</em></strong></span> <span class='ocrx_word' id='word_1_319' title='bbox 1240 3996 1313 4075; x_wconf 73' lang='grc' dir='ltr'><strong><em>αὐτῷ</em></strong></span> <span class='ocrx_word' id='word_1_320' title='bbox 1334 3999 1466 4060; x_wconf 80' lang='grc' dir='ltr'><strong><em>συνάπτε-</em></strong></span> 
     </span>
    </p>
   </div>
   <div class='ocr_carea' id='block_1_9' title="bbox 379 4271 1467 4683">
    <p class='ocr_par' dir='ltr' id='par_1_9' title="bbox 379 4271 1467 4683">
     <span class='ocr_line' id='line_1_33' title="bbox 452 4271 1466 4342; baseline -0.009 -16"><span class='ocrx_word' id='word_1_321' title='bbox 452 4277 480 4342; x_wconf 75' lang='grc' dir='ltr'><strong><em>ί)</em></strong></span> <span class='ocrx_word' id='word_1_322' title='bbox 506 4277 535 4327; x_wconf 86' lang='lat' dir='ltr'><strong><em>C.</em></strong></span> <span class='ocrx_word' id='word_1_323' title='bbox 560 4295 609 4326; x_wconf 85' lang='lat' dir='ltr'><strong><em>om.</em></strong></span> <span class='ocrx_word' id='word_1_324' title='bbox 637 4282 679 4336; x_wconf 83' lang='grc' dir='ltr'><strong><em>εἰς.</em></strong></span> <span class='ocrx_word' id='word_1_325' title='bbox 715 4305 748 4315; x_wconf 82' lang='lat'><strong><em>-—</em></strong></span> <span class='ocrx_word' id='word_1_326' title='bbox 788 4275 816 4341; x_wconf 74' lang='lat'><strong><em>¹2)</em></strong></span> <span class='ocrx_word' id='word_1_327' title='bbox 842 4278 872 4324; x_wconf 70' lang='lat' dir='ltr'><strong><em>A.</em></strong></span> <span class='ocrx_word' id='word_1_328' title='bbox 898 4276 928 4323; x_wconf 90' lang='lat' dir='ltr'><strong><em>B.</em></strong></span> <span class='ocrx_word' id='word_1_329' title='bbox 954 4273 1078 4342; x_wconf 82' lang='grc' dir='ltr'><strong><em>αὐτάρκη.</em></strong></span> <span class='ocrx_word' id='word_1_330' title='bbox 1114 4272 1244 4339; x_wconf 76' lang='lat' dir='ltr'><strong>probante</strong></span> <span class='ocrx_word' id='word_1_331' title='bbox 1268 4271 1394 4320; x_wconf 74' lang='lat' dir='ltr'>Cousino.</span> <span class='ocrx_word' id='word_1_332' title='bbox 1432 4296 1466 4307; x_wconf 86' lang='lat'><strong><em>-·</em></strong></span> 
     </span>
     <span class='ocr_line' id='line_1_34' title="bbox 379 4353 1464 4431; baseline -0.011 -17"><span class='ocrx_word' id='word_1_333' title='bbox 379 4364 411 4428; x_wconf 66' lang='grc' dir='ltr'><strong><em>ὅ)</em></strong></span> <span class='ocrx_word' id='word_1_334' title='bbox 431 4362 554 4430; x_wconf 66' lang='grc' dir='ltr'><strong><em>[λζωης.</em></strong></span> <span class='ocrx_word' id='word_1_335' title='bbox 591 4392 624 4401; x_wconf 88' lang='grc'>-</span> <span class='ocrx_word' id='word_1_336' title='bbox 666 4363 701 4431; x_wconf 72' lang='grc'><strong><em>4)</em></strong></span> <span class='ocrx_word' id='word_1_337' title='bbox 720 4363 749 4412; x_wconf 82' lang='grc' dir='ltr'><strong><em>Β.</em></strong></span> <span class='ocrx_word' id='word_1_338' title='bbox 773 4363 876 4429; x_wconf 72' lang='grc' dir='ltr'><strong><em>πλῆθος</em></strong></span> <span class='ocrx_word' id='word_1_339' title='bbox 893 4366 939 4427; x_wconf 71' lang='grc' dir='ltr'><strong><em>μὲν</em></strong></span> <span class='ocrx_word' id='word_1_340' title='bbox 957 4360 994 4420; x_wconf 69' lang='grc' dir='ltr'><strong><em>ἓν,</em></strong></span> <span class='ocrx_word' id='word_1_341' title='bbox 1020 4363 1045 4410; x_wconf 66' lang='grc' dir='ltr'><strong><em>ἓν</em></strong></span> <span class='ocrx_word' id='word_1_342' title='bbox 1062 4359 1098 4424; x_wconf 74' lang='grc' dir='ltr'><strong><em>τῷ</em></strong></span> <span class='ocrx_word' id='word_1_343' title='bbox 1115 4355 1213 4427; x_wconf 71' lang='grc' dir='ltr'><strong><em>πρώτῳ.</em></strong></span> <span class='ocrx_word' id='word_1_344' title='bbox 1255 4385 1289 4394; x_wconf 89' lang='grc'>-</span> <span class='ocrx_word' id='word_1_345' title='bbox 1333 4354 1413 4420; x_wconf 61' lang='lat' dir='ltr'><strong><em>m.</em></strong></span> <span class='ocrx_word' id='word_1_346' title='bbox 1433 4353 1464 4402; x_wconf 88' lang='grc' dir='ltr'><strong><em>Β.</em></strong></span> 
     </span>
     <span class='ocr_line' id='line_1_35' title="bbox 380 4433 1467 4517; baseline -0.008 -19"><span class='ocrx_word' id='word_1_347' title='bbox 380 4444 435 4517; x_wconf 83' lang='grc' dir='ltr'><strong><em>γάρ</em></strong></span> <span class='ocrx_word' id='word_1_348' title='bbox 453 4450 487 4498; x_wconf 82' lang='grc' dir='ltr'><strong><em>οἱ.</em></strong></span> <span class='ocrx_word' id='word_1_349' title='bbox 523 4477 557 4486; x_wconf 91' lang='lat'><strong><em>·-</em></strong></span> <span class='ocrx_word' id='word_1_350' title='bbox 590 4445 624 4514; x_wconf 80' lang='grc'><strong><em>6)</em></strong></span> <span class='ocrx_word' id='word_1_351' title='bbox 642 4451 675 4498; x_wconf 87' lang='grc' dir='ltr'><strong><em>Ι).</em></strong></span> <span class='ocrx_word' id='word_1_352' title='bbox 695 4447 783 4500; x_wconf 82' lang='grc' dir='ltr'><strong><em>ὁλικοῦ</em></strong></span> <span class='ocrx_word' id='word_1_353' title='bbox 801 4450 841 4510; x_wconf 65' lang='grc' dir='ltr'><strong><em>δε,</em></strong></span> <span class='ocrx_word' id='word_1_354' title='bbox 861 4443 897 4506; x_wconf 67' lang='grc' dir='ltr'><strong><em>οὗ,</em></strong></span> <span class='ocrx_word' id='word_1_355' title='bbox 911 4443 1031 4497; x_wconf 86' lang='grc' dir='ltr'><strong><em>δυνατόν.</em></strong></span> <span class='ocrx_word' id='word_1_356' title='bbox 1068 4469 1101 4482; x_wconf 88' lang='lat'><strong><em>—-</em></strong></span> <span class='ocrx_word' id='word_1_357' title='bbox 1135 4443 1166 4507; x_wconf 78' lang='grc'><strong><em>7)</em></strong></span> <span class='ocrx_word' id='word_1_358' title='bbox 1184 4443 1214 4492; x_wconf 84' lang='grc' dir='ltr'><strong><em>Β.</em></strong></span> <span class='ocrx_word' id='word_1_359' title='bbox 1235 4441 1264 4492; x_wconf 89' lang='lat' dir='ltr'><strong><em>C.</em></strong></span> <span class='ocrx_word' id='word_1_360' title='bbox 1284 4443 1321 4507; x_wconf 72' lang='grc' dir='ltr'><strong><em>τῷ</em></strong></span> <span class='ocrx_word' id='word_1_361' title='bbox 1337 4433 1413 4506; x_wconf 58' lang='grc' dir='ltr'><strong><em>κάρθ’</em></strong></span> <span class='ocrx_word' id='word_1_362' title='bbox 1432 4463 1467 4476; x_wconf 90' lang='lat'>—</span> 
     </span>
     <span class='ocr_line' id='line_1_36' title="bbox 381 4522 1465 4599; baseline -0.009 -16"><span class='ocrx_word' id='word_1_363' title='bbox 381 4532 413 4596; x_wconf 87' lang='lat'><strong><em>8)</em></strong></span> <span class='ocrx_word' id='word_1_364' title='bbox 432 4532 517 4582; x_wconf 79' lang='lat' dir='ltr'><strong>Editt.</strong></span> <span class='ocrx_word' id='word_1_365' title='bbox 538 4531 689 4598; x_wconf 75' lang='grc' dir='ltr'><strong><em>ᾠκειῶσθαι.</em></strong></span> <span class='ocrx_word' id='word_1_366' title='bbox 715 4562 746 4574; x_wconf 92' lang='grc'>-</span> <span class='ocrx_word' id='word_1_367' title='bbox 780 4533 813 4599; x_wconf 80' lang='grc'><strong><em>9)</em></strong></span> <span class='ocrx_word' id='word_1_368' title='bbox 831 4533 859 4582; x_wconf 83' lang='grc' dir='ltr'><strong><em>Β.</em></strong></span> <span class='ocrx_word' id='word_1_369' title='bbox 880 4531 908 4582; x_wconf 90' lang='lat' dir='ltr'><strong><em>C.</em></strong></span> <span class='ocrx_word' id='word_1_370' title='bbox 929 4530 963 4580; x_wconf 85' lang='lat' dir='ltr'><strong><em>D.</em></strong></span> <span class='ocrx_word' id='word_1_371' title='bbox 984 4547 1034 4580; x_wconf 86' lang='lat' dir='ltr'><strong><em>om.</em></strong></span> <span class='ocrx_word' id='word_1_372' title='bbox 1055 4532 1105 4590; x_wconf 78' lang='grc' dir='ltr'><strong><em>καλ,</em></strong></span> <span class='ocrx_word' id='word_1_373' title='bbox 1125 4530 1151 4578; x_wconf 80' lang='lat' dir='ltr'><strong><em>in</em></strong></span> <span class='ocrx_word' id='word_1_374' title='bbox 1165 4530 1195 4578; x_wconf 75' lang='lat' dir='ltr'><strong><em>A.</em></strong></span> <span class='ocrx_word' id='word_1_375' title='bbox 1210 4533 1272 4597; x_wconf 73' lang='lat' dir='ltr'><strong>post</strong></span> <span class='ocrx_word' id='word_1_376' title='bbox 1284 4526 1393 4592; x_wconf 81' lang='grc' dir='ltr'><strong><em>δύναμιν</em></strong></span> <span class='ocrx_word' id='word_1_377' title='bbox 1406 4522 1465 4574; x_wconf 74' lang='lat' dir='ltr'><strong>illa·</strong></span> 
     </span>
     <span class='ocr_line' id='line_1_37' title="bbox 385 4613 1211 4683; baseline -0.006 -17"><span class='ocrx_word' id='word_1_378' title='bbox 385 4624 442 4666; x_wconf 75' lang='lat' dir='ltr'><strong><em>tum</em></strong></span> <span class='ocrx_word' id='word_1_379' title='bbox 461 4623 487 4666; x_wconf 73' lang='lat' dir='ltr'><strong><em>et</em></strong></span> <span class='ocrx_word' id='word_1_380' title='bbox 507 4616 624 4666; x_wconf 83' lang='lat' dir='ltr'><strong>Cousino</strong></span> <span class='ocrx_word' id='word_1_381' title='bbox 646 4617 795 4683; x_wconf 77' lang='lat' dir='ltr'><strong>probatum.</strong></span> <span class='ocrx_word' id='word_1_382' title='bbox 834 4646 866 4656; x_wconf 85' lang='lat'><em>-</em></span> <span class='ocrx_word' id='word_1_383' title='bbox 902 4615 951 4678; x_wconf 76' lang='lat'><strong><em>10)</em></strong></span> <span class='ocrx_word' id='word_1_384' title='bbox 971 4618 999 4664; x_wconf 77' lang='grc' dir='ltr'><strong><em>Α.</em></strong></span> <span class='ocrx_word' id='word_1_385' title='bbox 1018 4616 1047 4664; x_wconf 88' lang='grc' dir='ltr'><strong><em>Β.</em></strong></span> <span class='ocrx_word' id='word_1_386' title='bbox 1066 4613 1107 4666; x_wconf 82' lang='grc' dir='ltr'><strong><em>διὰ</em></strong></span> <span class='ocrx_word' id='word_1_387' title='bbox 1126 4617 1211 4679; x_wconf 66' lang='grc' dir='ltr'><strong><em>μέσον.</em></strong></span> 
     </span>
    </p>
   </div>
   <div class='ocr_carea' id='block_1_10' title="bbox 0 0 1900 5442">
    <p class='ocr_par' dir='ltr' id='par_1_10' title="bbox 0 0 1900 5442">
     <span class='ocr_line' id='line_1_38' title="bbox 0 0 1900 5442; baseline 0 0"><span class='ocrx_word' id='word_1_388' title='bbox 0 0 1900 5442; x_wconf 95' lang='lat' dir='ltr'><strong><em> </em></strong></span> 
     </span>
    </p>
   </div>
  </div>
 </body>
</html>
