3775 5442
660 646 887 728 ntundnan
931 648 1032 712 Sentio
1053 648 1108 711 xi
1364 650 1427 716 tu

343 818 562 884 miiammnr.
605 820 715 904 Neque
735 822 818 886 enlm
837 822 872 886 id
888 823 1018 887 iaolmnt
1031 828 1218 905 propterea,
1240 822 1429 906 quodnam·

343 924 505 987 videamur
531 944 604 990 erre
631 927 875 1008 perspicaciore·
903 932 996 1009 atque
1021 927 1283 1008 intelligentiore·
1316 931 1428 995 aeleri·

344 1029 505 1107 omnlino,
542 1029 600 1091 aed
626 1030 711 1110 qaod
747 1030 947 1112 diligentiore
973 1029 1022 1092 rel
1051 1031 1255 1094 meditatione
1287 1033 1430 1097 Ιιιιιιιιιιι

342 1128 431 1194 iorte
458 1132 584 1194 iomuaa
610 1140 754 1214 putamus
783 1135 816 1196 in
851 1154 919 1197 eam
954 1134 1102 1199 laeldieoe
1128 1136 1428 1218 interpretationem,

344 1254 408 1317 qna
428 1255 536 1300 amaea
558 1236 761 1321 dillleultatea
783 1241 869 1303 nulla
891 1240 961 1302 iere
982 1240 1110 1320 negatio
1130 1246 1357 1304 removeantur.

431 1341 602 1403 Plurimum
630 1346 732 1402 autem
761 1342 877 1418 refert,
912 1347 1040 1403 utente
1062 1343 1164 1404 omnir
1189 1342 1230 1404 de
1249 1344 1429 1409 notionibut

344 1444 524 1517 eonvealat,
547 1463 627 1524 quae
647 1444 778 1523 singulis
799 1446 956 1508 voeabnlie
977 1446 1011 1507 iu
1032 1445 1091 1507 liae
1111 1444 1329 1524 disputationis
1340 1453 1430 1528 parte

342 1542 540 1624 frequentino
562 1547 720 1627 uaurpatia
744 1547 955 1610 ouilialendae
975 1548 1047 1611 elnt.
1089 1546 1133 1609 ut
1152 1548 1285 1629 primum
1304 1543 1430 1630 quidem

340 1648 437 1710 naias
467 1650 658 1728 quaesuooia
686 1654 722 1712 ιιι
747 1651 870 1713 initium
899 1651 1026 1732 aliquod
1046 1650 1233 1728 inveniatur,
1260 1652 1349 1717 notio
1369 1655 1430 1717 τοῦ

342 1743 420 1823 ἑνός
442 1750 528 1811 venit
548 1751 724 1816 luotrrnda:
753 1753 838 1834 quad
859 1756 1042 1818 vocabulum
1068 1761 1158 1817 rutra
1175 1754 1307 1819 ridimne
1324 1752 1430 1817 molti-

339 1853 458 1933 plioem
480 1852 598 1918 habere
618 1876 707 1920 annm
728 1858 875 1938 vorlaqoa
895 1858 1070 1939 praeditum
1092 1876 1163 1921 erre
1175 1859 1427 1939 rietpoteotota.

340 1956 548 2019 llaull'ertum
574 1965 625 2022 ert
650 1967 753 2023 rotem
780 1978 843 2024 nou
870 1979 965 2042 poree
990 1960 1043 2023 hio
1069 1960 1130 2024 lael
1159 1961 1201 2022 de
1221 1979 1283 2023 ouo
1305 1961 1426 2025 infinito

341 2077 519 2124 termonem
554 2063 681 2144 agitem,
718 2066 966 2145 quandoquidem
997 2064 1197 2128 Permenidea
1225 2066 1256 2127 ei
1283 2064 1428 2127 attribuit

341 2165 441 2227 rarior
463 2171 496 2225 et
517 2166 705 2246 multiplicet
725 2168 951 2249 proprietates,
974 2186 1049 2249 quaa
1070 2172 1160 2231 anter
1181 2167 1314 2230 vidimus
1329 2168 1425 2243 meo,

342 2266 428 2346 qnod
456 2273 506 2330 eat
533 2268 704 2347 inlinitum,
732 2273 857 2334 omnino
879 2272 1060 2335 desiderari.
1109 2270 1309 2351 Relinquitur
1329 2270 1427 2350 igitur

345 2371 493 2449 alterum,
527 2378 564 2434 nt
591 2371 632 2435 de
658 2391 721 2436 nno
747 2375 837 2439 fluite
863 2377 914 2457 agl
942 2375 1160 2439 exlrtimemun.
1220 2373 1291 2436 Hoo
1324 2371 1427 2454 iprum

342 2479 445 2537 aniam
473 2475 619 2556 quoniam
645 2476 777 2558 duplicia
804 2485 853 2543 eet
879 2478 1021 2560 geneda,
1053 2480 1082 2542 nl
1103 2479 1228 2559 quidem
1249 2481 1304 2540 rat
1323 2480 1427 2539 totum

341 2579 483 2642 idearum
509 2581 658 2643 ambitum
686 2586 720 2643 et
747 2584 939 2662 complexam
967 2581 1097 2644 denotet
1127 2583 1191 2646 eive
1221 2579 1426 2642 aeternalem
1506 2595 1510 2600 ·

342 2683 411 2746 elur
433 2684 517 2764 quod
537 2700 610 2749 eree
631 2685 802 2765 cogitamur
824 2686 1000 2759 notionem,
1022 2689 1076 2745 ant
1095 2685 1231 2766 ringulae
1252 2682 1337 2744 illluo
1358 2679 1426 2742 ior·
1558 2668 1561 2675 ’

342 2806 410 2851 maa
432 2794 525 2869 atqu
546 2789 667 2867 apeeier
689 2786 943 2868 eomprehendlt3
970 2787 1129 2866 ambigere
1149 2804 1223 2849 orne
1244 2784 1334 2860 linet,
1354 2788 1427 2846 utre

343 2889 458 2951 nmm
478 2891 739 2972 algnllioatlonum
766 2906 847 2950 nune
872 2886 1087 2969 amplectende
1107 2887 1148 2949 ait
1169 2892 1262 2966 atque
1283 2886 1426 2948 oeneudn.

344 2989 395 3054 na
415 3008 476 3074 qne
494 3011 529 3055 re
550 2997 594 3058 ita
614 2999 736 3057 tautum
757 2991 836 3053 oerti
857 2991 974 3072 aliquid
996 2990 1115 3072 poterit
1135 2988 1277 3065 decerni,
1299 2987 1327 3051 oi
1349 3005 1429 3067 quae

341 3095 387 3159 oli
415 3097 511 3159 latim
538 3096 631 3158 lruiuo
658 3095 829 3170 iormulre,
864 3095 899 3158 lu
921 3098 949 3160 εὶ
968 3086 1015 3177 μὴ
1039 3093 1123 3167 ἔστι,
1154 3093 1200 3155 ιιι
1221 3097 1255 3154 et
1274 3095 1427 3174 potenter,

341 3198 538 3277 exploratum
559 3199 738 3263 habeamur.
781 3199 987 3262 Observatum
1009 3202 1060 3260 ert
1081 3203 1182 3259 rata·
1211 3216 1230 3257 e
1253 3196 1345 3260 uobis
1366 3194 1428 3256 lana

339 3300 373 3361 ln
402 3300 636 3380 tenerioribus,
671 3303 903 3383 intelligendam
931 3321 1000 3365 eom
1023 3321 1094 3366 erae
1114 3301 1155 3365 de
1175 3301 1246 3363 ldea
1266 3300 1349 3363 notia
1371 3316 1427 3360 ne-

339 3405 487 3484 ganutun
516 3404 720 3468 determinata
748 3412 840 3487 atque
869 3404 1010 3470 limitata.
1055 3405 1145 3484 Quod
1167 3406 1195 3466 ni
1215 3422 1289 3466 rere
1309 3405 1427 3468 ladloa·

341 3507 457 3585 rlmue‚
481 3526 611 3590 quanam
633 3510 663 3570 vi
686 3528 766 3571 naue
788 3501 827 3571 τὸ
850 3512 885 3570 ιν
905 3512 1056 3588 ponatur,
1078 3525 1169 3569 nemo
1191 3512 1277 3571 eerte
1294 3512 1426 3595 ampliat

342 3611 510 3674 dubitabit
553 3611 718 3673 Enimvero
739 3611 884 3674 notiores
914 3610 1004 3672 intlur
1034 3610 1157 3691 generis
1179 3629 1274 3691 quum
1293 3610 1339 3675 lta
1357 3619 1427 3677 ten-

339 3720 407 3776 tnm
434 3721 612 3796 emergant,
647 3717 675 3778 ni
702 3717 741 3778 ad
770 3715 958 3777 alllrmantea
997 3714 1046 3775 ive
1066 3714 1212 3795 positivae
1233 3716 1424 3792 relenmtnr,

341 3818 489 3897 equibua
502 3818 590 3899 iprae
608 3826 757 3901 putentur
778 3837 848 3882 eoae
870 3817 1026 3894 dinemo,
1047 3818 1192 3898 protento
1213 3812 1253 3881 τὸ
1276 3822 1326 3892 ιν,
1350 3836 1425 3897 que-

341 3928 434 3983 tenor
463 3923 594 3985 relative
620 3943 682 3987 non
710 3939 778 3986 eoae
805 3922 955 3998 aumltur,
991 3922 1188 3984 statuendum
1218 3926 1267 3983 eat
1295 3919 1356 3981 diod
1384 3917 1426 3980 de

342 4025 592 4104 auditorium,
614 4029 679 4089 aire
701 4047 737 4089 eo
758 4026 850 4089 letior
871 4029 991 4107 potent,
1020 4025 1089 4087 eive
1106 4024 1289 4087 arctioribus
1310 4024 1424 4085 linitur

341 4128 575 4211 ώιιιιιιισιιιιιι
596 4129 647 4193 dt.
690 4131 776 4209 Qune
796 4149 891 4210 quum
913 4129 958 4191 ita
978 4128 1057 4202 aiat,
1079 4126 1153 4208 quid
1174 4126 1251 4188 illud
1267 4126 1329 4190 eibi
1350 4125 1425 4187 velit

340 4229 547 4314 htelligitar,
580 4233 664 4314 quod
694 4251 787 4314 repra
816 4232 923 4313 panolr
944 4230 1046 4294 verbio
1068 4229 1239 4306 innuimus,
1273 4220 1314 4291 τὸ
1337 4230 1371 4290 lu
1392 4227 1426 4289 ln

343 4333 406 4396 liae
434 4337 587 4400 ammonia
613 4341 703 4419 parte
730 4335 964 4418 intelligendum
995 4352 1064 4396 eane
1091 4334 1133 4395 de
1158 4332 1238 4394 ldela
1260 4330 1426 4412 quindenis,

340 4441 496 4518 quotenne
530 4440 613 4503 nolle
643 4439 828 4521 negantibur
864 4439 1118 4501 determinentur.
1174 4436 1277 4514 Atque
1303 4434 1351 4497 lde
1382 4434 1427 4496 lte

340 4540 412 4603 lirin
442 4547 535 4622 atque
558 4542 720 4619 stabilitio,
755 4542 816 4603 lem
843 4542 1053 4622 quaerendam
1080 4544 1147 4615 eet,
1176 4556 1304 4619 quanam
1332 4537 1428 4620 algni-

343 4644 493 4709 tenone
522 4646 587 4709 τῶν
613 4636 723 4711 ἄλλων
748 4646 932 4709 vocabulum
964 4646 997 4708 ln
1018 4646 1076 4709 irae
1098 4641 1318 4725 dirputatlonir
1338 4642 1561 4816 Ὗ

1161 4745 1226 4808 ll*
1561 4774 1563 4779 ·
