3775 5442
426 634 428 639 ’
481 656 545 725 aaa
791 647 878 709 nan
899 649 1019 724 prinus.
1063 643 1164 702 saun
1187 640 1254 700 xri.

482 830 534 895 alt.
577 826 664 910 Quac
676 820 801 905 quidem
823 816 965 898 quaeatlo
986 832 1096 879 ruraua
1118 816 1152 878 in
1172 814 1249 876 duaa
1271 817 1377 893 partea
1394 811 1491 874 diviua
1504 817 1565 889 eat,

484 929 731 1016 qnandoquidem
766 921 900 1004 primurn
933 918 1131 1000 exploratur,
1165 918 1240 998 qnid
1267 918 1308 979 de
1338 917 1452 979 caterio
1485 917 1566 992 latia,

484 1055 564 1120 qnae
585 1035 746 1101 dicuntur,
768 1025 811 1089 alt
831 1024 1046 1098 atatuendnm,
1068 1022 1211 1084 alanum
1232 1021 1363 1083 relctlrc
1383 1037 1453 1083 eaaa
1471 1038 1568 1102 uege-

482 1149 554 1212 tnr3
581 1127 696 1198 deinde
716 1131 800 1194 idem
821 1132 1037 1210 argumentum
1058 1131 1209 1188 motatur
1230 1124 1292 1200 aie,
1320 1130 1357 1186 ut
1376 1142 1472 1185 unum
1493 1125 1568 1187 aim·

483 1241 608 1325 pliciter
628 1255 690 1300 non
711 1251 783 1297 caan
803 1237 952 1296 anmatur.
996 1231 1133 1309 Quarum
1158 1228 1293 1310 partium
1314 1226 1403 1308 prior
1423 1227 1567 1308 quoniam

484 1351 534 1408 eat
559 1340 735 1405 intricatior
762 1341 857 1416 atque
881 1333 1058 1408 difficilior,
1080 1332 1185 1413 paullo
1207 1331 1414 1412 copioalorem
1433 1331 1568 1411 requirit

484 1445 742 1530 dlaputationema
769 1439 978 1521 poateriorem
998 1441 1110 1517 utpote
1130 1436 1291 1497 intellectu
1304 1433 1477 1496 faciliorem
1491 1453 1568 1515 pan-

485 1551 531 1614 cia
552 1549 755 1611 abaolaemua·
798 1542 918 1604 iurabit
938 1545 1042 1601 autern
1062 1538 1154 1604 buiua
1177 1537 1394 1619 diaputationia
1406 1556 1569 1619 argumen-

485 1662 552 1717 tum
573 1655 663 1715 antea
685 1647 882 1728 cognorim,
911 1662 1001 1724 quam
1023 1662 1103 1723 quac
1131 1643 1171 1704 ad
1194 1642 1260 1705 elna
1281 1641 1569 1720 interpretationem

484 1756 621 1828 valant,
643 1767 839 1831 exponamur.
883 1747 1036 1826 Quocirca
1047 1746 1207 1809 ordiamur
1226 1745 1264 1806 ab
1280 1744 1452 1806 enarranda
1462 1744 1570 1823 priore

485 1857 654 1943 particula,
669 1857 713 1916 ita
724 1857 760 1913 ut
770 1852 867 1913 veluti
878 1849 994 1931 primaa
1004 1848 1100 1913 linear
1113 1848 1331 1928 disputationis
1344 1846 1570 1911 adumbremna.

571 1961 607 2022 Si
626 1975 722 2019 unum
749 1972 812 2016 non
842 1959 908 2028 eat,
944 1952 1046 2032 inquit
1073 1951 1290 2030 Parmeniden,
1325 1957 1428 2014 tamen
1456 1956 1569 2025 cetera,

486 2063 630 2144 qnoniam
653 2077 721 2120 erra
741 2059 915 2138 ponuntur,
943 2056 983 2115 ab
1005 2055 1107 2136 aliquo
1129 2055 1251 2117 diversa
1280 2055 1344 2117 aiut
1363 2072 1492 2117 nerum
1512 2058 1569 2114 eat.

486 2167 564 2231 Nam
586 2161 723 2242 alloquin
745 2167 832 2221 certa
852 2176 915 2220 non
935 2156 1042 2221 ioreut
1064 2165 1184 2236 cetera,
1215 2160 1274 2222 nial
1296 2160 1389 2221 aimul
1410 2158 1570 2221 direraita-

485 2276 550 2332 tem
573 2265 732 2347 propriam
752 2261 915 2324 baberent.
970 2262 1128 2341 Quidquid
1149 2270 1252 2325 autem
1274 2262 1428 2324 diversum
1449 2266 1514 2336 eat,
1535 2260 1571 2322 id

487 2371 526 2433 ab
548 2369 650 2449 aliqua
670 2385 708 2428 re
728 2364 858 2428 dltlerrc
890 2383 1021 2445 proraua
1049 2373 1099 2429 cat
1119 2349 1370 2429 consentaneum.
1411 2364 1476 2427 lam
1495 2382 1570 2428 acro

486 2491 583 2537 uuum
603 2489 666 2533 aon
688 2488 757 2531 aare
776 2470 930 2551 ponimur.
972 2466 1058 2549 lirgo
1080 2478 1183 2533 cetera
1204 2490 1274 2533 cum
1294 2470 1355 2531 lato
1370 2467 1495 2548 qnidcm
1508 2486 1571 2529 nno

487 2577 605 2641 nullam
633 2573 794 2636 babeth
821 2570 1071 2635 coniunctionem
1092 2580 1125 2636 et
1152 2573 1421 2638 neocaaitndincm.
1462 2570 1571 2633 ilalin-

489 2679 595 2760 quitur
616 2695 709 2758 ergo,
730 2682 767 2739 ut
788 2695 825 2738 ea
844 2676 928 2737 inter
947 2674 1017 2756 ipaa
1037 2676 1101 2738 nint
1123 2677 1243 2740 direraa
1256 2676 1299 2755 *).
1345 2672 1464 2760 Verum
1492 2674 1572 2737 baec

487 2783 556 2864 ipra
577 2781 755 2857 diaeretica,
778 2798 858 2861 quaa
877 2785 987 2842 mutuo
1008 2779 1091 2843 iuter
1112 2800 1149 2842 ea
1170 2780 1352 2855 intercedit,
1374 2778 1446 2859 qnia
1466 2779 1571 2841 anbia-

343 2880 349 2901 '
487 2891 555 2946 turn
576 2902 671 2946 unum
692 2889 758 2960 eat,
782 2884 830 2946 alc
848 2887 971 2944 tanturn
992 2883 1096 2945 locum
1117 2885 1288 2960 obtinebit,
1318 2886 1354 2945 ut
1374 2901 1412 2945 ea
1431 2884 1517 2946 inter
1536 2902 1573 2947 ae

488 2987 636 3050 differant
655 2987 906 3049 multitudiuibua
928 2987 995 3049 aive
1016 2988 1169 3064 molibus,
1204 3005 1266 3049 nou
1288 2986 1411 3068 cingula
1429 2988 1571 3069 alngnlia.

488 3091 641 3170 Quocirca
662 3091 751 3169 quari
771 3092 870 3154 molea
892 3091 1043 3170 quaedam
1063 3091 1130 3153 alva
1149 3109 1270 3155 marcae
1288 3108 1396 3152 eornm
1408 3098 1572 3172 emergamt

489 3193 655 3271 ampliore·
678 3187 805 3273 (ὄγκοι)
826 3195 910 3256 inter
926 3210 998 3255 aeae
1015 3199 1123 3256 mutuo
1140 3193 1360 3272 diacrepautca.
1402 3194 1489 3272 Quae
1511 3197 1573 3258 etai

488 3294 639 3356 nniutem
661 3294 813 3375 quandam
835 3295 953 3356 babere
964 3295 1125 3374 videntur,
1146 3302 1250 3359 tamen
1267 3295 1408 3375 qnoniam
1419 3296 1572 3359 infinitam

490 3396 650 3459 continent
684 3397 929 3474 multitudinem,
973 3399 1049 3461 item
1083 3406 1189 3463 carent
1221 3401 1341 3461 unitate
1357 3398 1421 3479 ss).
1474 3400 1574 3481 Igitur

489 3499 589 3563 molea
616 3501 695 3562 latae
724 3504 791 3565 τῶν
817 3497 928 3566 ἄλλων
953 3513 987 3566 et
1013 3505 1131 3567 babere
1164 3502 1308 3564 videntur
1337 3504 1504 3581 unitatem,
1540 3508 1574 3565 et

491 3603 599 3665 eadem
620 3610 693 3665 aunt
720 3623 829 3683 ruraua
858 3605 1036 3702 dcatitutae.
1087 3610 1172 3687 Quae
1193 3624 1286 3685 quum
1307 3605 1351 3665 ita
1372 3621 1408 3665 ae
1427 3605 1573 3680 habeant,

489 3705 603 3769 iiadem
624 3706 716 3767 ctiam
738 3708 859 3771 numeri
871 3711 1010 3791 parilitas
1024 3716 1056 3772 et
1067 3710 1265 3790 imparilitas,
1287 3707 1479 3787 magnitudo,
1501 3725 1573 3787 par-

489 3809 568 3872 vitat
595 3814 628 3871 et
654 3812 823 3890 aequaliter
852 3816 919 3874 tum
940 3814 1138 3875 attribuenda
1159 3818 1223 3874 turn
1246 3810 1407 3892 eripienda
1428 3807 1573 3888 cutm).

489 3913 551 3975 Par
571 3912 652 3976 ratio
674 3919 724 3975 eat
745 3916 839 3977 etiarn
859 3916 989 3976 aliarum
1010 3915 1161 3990 omnium,
1199 3934 1275 3995 quaa
1297 3912 1409 3976 ceteria
1430 3912 1575 3976 tribuere

490 4015 600 4090 liceat,
623 4015 781 4080 uirtutum.
824 4018 871 4080 lta
892 4036 986 4097 quum
1008 4017 1145 4096 singulae
1166 4017 1239 4080 illae
1261 4035 1395 4091 manaae,
1423 4021 1534 4095 utpote
1556 4036 1575 4078 a

490 4137 526 4182 ae
547 4118 677 4181 invicem
699 4119 856 4183 aelnnctae
876 4139 913 4181 ae
930 4125 1105 4200 separatae,
1127 4122 1292 4182 terminum
1311 4120 1444 4199 aliquem
1455 4117 1575 4181 babere

490 4221 670 4297 rideantur,
703 4229 808 4285 tamen
834 4241 891 4283 eac
919 4242 978 4285 nec
998 4222 1148 4303 principio
1171 4224 1307 4305 gaudent
1326 4241 1385 4290 nec
1405 4224 1575 4285 medietate

491 4341 549 4385 nec
570 4324 775 4386 extremitate.
819 4324 940 4407 Quippe
961 4328 1080 4390 unitate
1100 4326 1265 4393 deficiente
1293 4327 1363 4390 lieri
1384 4344 1448 4389 non
1469 4331 1575 4407 poteat

560 4509 587 4568 *t
604 4507 634 4556 Ρ.
653 4461 720 4557 aba.
740 4508 770 4561 n.
788 4506 819 4559 C.

549 4577 591 4638 aa)
610 4575 639 4624 r.
658 4572 725 4626 aot.
744 4576 778 4626 n.

539 4645 597 4708 m)
615 4642 644 4691 Ρ.
663 4636 735 4693 ibt!
749 4644 780 4695 it.
817 4641 878 4697 itt.
898 4648 931 4699 Δ.
