3775 5442
483 650 545 717 lliss
808 656 895 715 Lilrcr
916 655 1039 732 primus?
1078 654 1177 712 Sectio
1198 655 1233 719 V,

482 829 576 890 dubie
603 828 664 889 hoc
684 828 780 888 uerbo
808 828 902 901 illud,
937 827 1021 907 quod
1054 832 1170 887 certem
1193 827 1412 908 definitumque
1433 838 1561 893 noturse

480 953 556 994 sure
577 933 694 1011 legem,
726 931 875 1004 iormsm,
903 930 1043 1003 modum,
1066 928 1280 992 condicionem
1303 932 1334 992 iu
1356 944 1392 994 se
1412 936 1559 1016 sursceplt,

480 1029 594 1117 eoque'¹
608 1037 678 1115 ipso
708 1054 776 1094 cum
806 1034 944 1115 generali
971 1035 1025 1094 ills
1054 1039 1086 1094 ct
1107 1033 1227 1095 inlicite
1249 1035 1384 1097 essentis
1405 1037 1466 1098 ltoc
1487 1057 1560 1099 con-

481 1141 648 1214 couiuuxit,
672 1138 756 1218 quod
778 1138 809 1197 iu
823 1156 858 1198 se
870 1138 973 1198 extitit
989 1138 1169 1201 discretum.
1211 1138 1302 1200 Unde
1315 1138 1406 1199 ellum
1420 1140 1452 1201 id
1464 1141 1560 1203 hebet

478 1244 655 1325 proprium,
678 1242 761 1321 quod
786 1257 846 1303 non
868 1246 988 1301 tontum
1010 1258 1068 1321 per
1088 1259 1124 1300 se
1136 1258 1278 1302 seorsum
1296 1246 1401 1320 potest
1415 1245 1558 1321 spectari,

479 1347 536 1407 sed
566 1347 657 1408 etium
687 1346 731 1405 ito
757 1345 962 1418 considerari,
994 1349 1028 1405 ut
1049 1344 1206 1405 reierotur
1227 1345 1267 1405 od
1288 1346 1347 1406 olis
1370 1364 1439 1406 cum
1459 1347 1560 1426 iisque

480 1455 684 1529 comparetur.
712 1448 803 1508 lium
824 1448 877 1508 ubi
900 1449 1005 1527 plures
1036 1448 1239 1511 informemus
1267 1447 1352 1511 ldeos
1373 1468 1475 1529 neque
1496 1470 1560 1510 sm-

479 1553 562 1632 plius
583 1570 675 1613 unsm
696 1552 874 1633 geuerclem
896 1552 980 1613 illsm
1004 1552 1158 1614 esseutiae
1178 1551 1238 1611 rim
1267 1552 1333 1613 sine
1361 1548 1489 1613 deliuits
1511 1572 1560 1613 rs-

478 1657 566 1717 tlone
592 1657 725 1735 positum
758 1656 935 1728 intuemur,
975 1661 1107 1734 propter
1143 1653 1353 1716 diversitatem
1388 1655 1560 1717 iomnorum

478 1764 583 1840 mente
611 1765 828 1838 conceptorum
861 1758 1037 1819 necessario
1070 1759 1110 1819 de
1141 1758 1262 1818 rotioue
1284 1759 1459 1837 quaerimus
1480 1780 1560 1838 quoe

477 1863 622 1924 luterens
637 1863 785 1923 obtineat.
826 1861 872 1920 lix
885 1880 947 1939 quc
962 1862 1081 1936 evenit,
1103 1866 1138 1921 ut
1160 1860 1262 1921 rufine
1275 1869 1307 1921 et
1319 1863 1505 1941 multiplices
1527 1864 1559 1922 in

478 1984 532 2026 ess
554 1966 737 2026 conueniunt
750 1962 986 2024 otlrilurtiones:
1013 1972 1084 2026 sunt
1098 1968 1194 2036 cuim,
1218 1973 1370 2042 quotenus
1382 1968 1439 2025 iam
1455 1976 1558 2026 mente

476 2068 611 2129 humens
633 2068 849 2146 intelliguntur
871 2073 964 2145 stupore
986 2066 1221 2140 discernuntur,
1249 2070 1342 2129 etium
1371 2068 1480 2147 logicis
1502 2088 1558 2129 no-

477 2171 598 2231 tionum
619 2169 790 2231 tationibus
812 2171 973 2233 obnoxlse.
1018 2169 1139 2249 Quippe
1158 2169 1271 2249 duplex
1285 2189 1359 2231 sone
1373 2172 1449 2244 eius,
1473 2173 1557 2249 quod

476 2292 551 2333 vere
573 2281 636 2347 est,
673 2273 807 2334 discerni
835 2279 942 2334 notum
971 2274 1082 2347 debet,
1117 2275 1214 2334 oltcrc
1240 2274 1463 2354 metuplrysicn,
1498 2293 1559 2353 qus

477 2394 535 2454 per
557 2396 591 2435 se
613 2394 753 2438 seorsum
776 2383 897 2437 oorrstst
918 2383 1011 2454 utque
1034 2383 1082 2436 est
1095 2378 1256 2450 obsolute,
1279 2377 1558 2452 ultemdiulectioo,

477 2498 538 2556 opus
567 2480 616 2552 lit,
645 2486 679 2539 ut
702 2482 877 2541 notionibus
900 2480 1196 2559 comprehendatur:
1232 2499 1404 2558 qumquem
1427 2489 1559 2559 utroque

476 2582 646 2643 seeundum
671 2582 828 2644 Platonem
852 2603 912 2644 uon
935 2585 1074 2645 seiuncta
1096 2592 1161 2657 est,
1184 2584 1239 2644 sed
1256 2603 1379 2662 semper
1390 2602 1450 2642 uuo
1466 2592 1559 2662 utque

477 2684 595 2747 eodem.
640 2685 725 2747 lluec
744 2688 838 2766 igitur
855 2695 905 2748 est
917 2688 958 2748 de
978 2689 1057 2764 Uno,
1076 2688 1159 2767 quod
1177 2695 1242 2761 est,
1265 2687 1418 2746 sententio
1441 2692 1556 2760 nostro,

455 2807 457 2811 ⁴
478 2808 567 2868 qurum
586 2809 678 2868 quum
691 2791 775 2851 herrd
788 2790 988 2852 mediocriter
1009 2793 1216 2852 communiunt
1233 2808 1278 2863 en,
1291 2808 1370 2868 quoe
1380 2808 1416 2848 ex
1430 2790 1557 2850 irritetis

477 2895 632 2953 esseutiae
654 2895 834 2955 coniunctae
856 2902 965 2955 uotum
987 2916 1004 2955 c
1028 2895 1210 2956 Parmenide
1232 2893 1468 2968 concluduntur,
1490 2900 1556 2953 tum

477 2995 536 3057 sliu
564 3003 653 3071 sunl,
689 3017 769 3077 quoe
795 3017 862 3058 enm
897 3018 1086 3079 mognopere
1118 2997 1250 3058 reddunt
1277 2997 1489 3075 probabilem,
1518 3015 1557 3055 ue

477 3086 795 3179 certum‘lirmumque
818 3103 963 3163 dicemus.
1007 3102 1131 3162 Etenim
1154 3102 1180 3162 ni
1201 3120 1307 3159 verum
1326 3104 1392 3172 est,
1420 3099 1502 3176 quod
1525 3099 1557 3158 iu

476 3203 690 3283 superioribus
712 3205 852 3265 videmur
873 3224 934 3265 nou
957 3208 1076 3264 temere
1096 3202 1310 3275 contendisse,
1333 3203 1435 3262 Untsm
1450 3221 1507 3281 per
1522 3219 1557 3262 se

477 3324 617 3367 seorsum
641 3312 813 3385 spectatum
834 3328 889 3370 eus
911 3307 1074 3368 informari
1095 3306 1263 3380 inlinitum,
1295 3308 1377 3385 quod
1400 3305 1556 3385 Pythago-

475 3409 538 3469 reis
562 3402 600 3469 τὸ
624 3400 775 3493 ἄπειρον,
796 3414 855 3491 ipsi
877 3411 1000 3473 Plutoni
1022 3411 1053 3470 in
1075 3409 1190 3470 scholis
1213 3409 1253 3469 de
1264 3410 1403 3470 idearum
1416 3410 1557 3470 doctrine

467 3513 619 3595 'subtilius
643 3513 806 3574 disserenti
830 3507 868 3575 τὸ
890 3519 977 3596 μέγα
998 3515 1053 3574 καὶ
1078 3505 1116 3574 τὸ
1139 3508 1259 3595 μικρόν
1282 3514 1330 3573 rel
1355 3511 1372 3590 ἡ
1398 3507 1556 3593 ἀόριστος

477 3607 559 3686 δυάς
582 3615 697 3675 dictum
720 3622 785 3687 est3
816 3636 854 3676 ex
882 3616 943 3677 hoc
963 3617 1033 3695 ipso
1056 3634 1119 3677 non
1141 3619 1247 3697 inepte
1269 3618 1419 3697 colligere
1439 3617 1556 3689 licebit,

480 3709 517 3777 τὸ
541 3717 575 3778 ir
598 3709 650 3790 ὅν,
677 3720 743 3779 sire
765 3711 803 3779 τὸ
826 3721 875 3794 ἔν,
908 3722 933 3780 ei
957 3718 1040 3790 ἔστι,
1070 3738 1179 3793 unium,
1202 3725 1228 3780 si
1253 3740 1320 3780 ecce
1341 3722 1487 3792 sumitur,
1509 3720 1556 3777 in-

477 3818 577 3898 telllgi
606 3821 683 3884 illud
711 3829 874 3902 oportere,
903 3820 988 3896 quod
1010 3820 1199 3902 Pythagorei
1222 3816 1261 3885 τὸ
1285 3826 1387 3903 πέρας
1410 3823 1485 3903 ἕχον
1507 3820 1555 3878 rel

455 3915 517 4001 ¹rd
540 3931 799 4006 πεπερασμένον,
820 3923 888 4001 ipse
910 3921 1001 3984 Pisto
1022 3925 1053 3984 in
1075 3925 1191 3987 scholis
1214 3917 1253 3988 ri
1266 3924 1468 3988 loruomimre
1483 3941 1555 3982 con-

476 4035 648 4091 suerernnt.
690 4028 794 4089 iisbet
816 4025 896 4085 enim
918 4045 1012 4087 uuum
1034 4031 1188 4090 essentiae
1208 4029 1344 4089 iunctum
1362 4048 1413 4089 eos
1426 4028 1555 4089 virtutes

418 4130 422 4137 “
476 4148 514 4191 sc
542 4135 751 4214 proprietstes
780 4146 903 4204 omues,
938 4150 1018 4209 quoe
1039 4138 1130 4192 untes
1152 4133 1198 4211 τῷ
1221 4134 1269 4193 iri
1290 4132 1409 4192 inlicito
1433 4132 1554 4210 penitus

476 4235 618 4297 ademtae
639 4237 711 4296 sont
732 4237 824 4313 etque
848 4243 992 4315 ereptoe,
1014 4242 1049 4296 ut
1069 4235 1203 4296 uuolton
1216 4252 1276 4293 uon
1293 4233 1399 4305 licent,
1422 4233 1554 4295 ultorum

476 4336 567 4398 elteri
597 4335 825 4414 quodammodo
865 4342 1055 4401 coutrsrium
1092 4344 1127 4397 et
1163 4336 1339 4415 oppositum
1383 4334 1555 4399 iniormrri.

476 4440 594 4520 Quodsi
614 4437 710 4517 igitur
731 4440 862 4502 silerum
885 4443 1037 4504 inlinitum
1057 4441 1134 4514 mit,
1158 4439 1331 4500 necessario
1346 4445 1553 4520 consequitur,

475 4550 511 4603 ut
532 4544 663 4603 alterum
693 4561 749 4621 pro
777 4546 864 4606 linito
887 4544 1062 4605 iubendum
1083 4545 1134 4607 sit.
1186 4543 1231 4605 Ac
1252 4563 1378 4623 sperare
1401 4548 1473 4606 licet
1494 4547 1553 4605 hoc

472 4642 617 4706 omnibus
641 4647 813 4711 certissime
834 4647 999 4728 probatum
1021 4644 1079 4724 iri,
1107 4648 1160 4710 ubi
1184 4667 1331 4728 quoeucm
1353 4649 1491 4712 Pictouis
1513 4648 1554 4709 de
