3775 5442
640 604 642 613 Ι
708 628 795 690 biber
816 633 935 709 primus.
978 632 1086 695 Sestio·
1101 626 1148 694 W.
1424 640 1470 702 17
1500 685 1506 694 -

376 802 517 866 liberum
540 818 620 877 esse,
642 800 674 862 ln.
687 820 715 866 e.
732 803 880 865 induitsm
899 805 1077 868 assentiam.
1119 805 1225 869 Possis
1238 808 1330 869 soon
1346 810 1467 888 diesne,
1541 884 1547 901 ·

375 905 468 986 qnod
489 903 560 965 iere
589 903 701 967 eodem
727 906 827 982 redit,
860 908 1032 971 illustrasse
1059 924 1129 971 eum
1157 910 1336 971 sbsointsm-
1357 930 1468 990 verse,

377 1024 476 1088 quarn
493 1007 669 1083 statuebat,
691 1012 1009 1086 essentisecsnssam,
1032 1015 1125 1075 modo
1147 1013 1325 1075 memineris
1344 1033 1411 1076 eam
1424 1019 1468 1079 its

376 1110 564 1184 intermori,
591 1116 712 1172 utnon
733 1131 794 1173 nna
814 1115 926 1177 mentis
953 1115 1043 1194 quasi
1070 1117 1286 1180 vaticinatione
1310 1120 1473 1181 contineo--

376 1223 450 1289 tur,
474 1213 532 1276 sed
553 1215 647 1274 mam
669 1222 826 1276 extemsm
847 1217 961 1279 bsbest
977 1220 1148 1282 veritatem.
1191 1221 1359 1283 Enimvero
1377 1222 1469 1286 ideae

379 1336 479 1399 quam
501 1316 565 1378 sint
583 1333 676 1376 serae
698 1315 814 1392 οὐσίας
835 1321 930 1381 seioti
951 1320 1072 1384 iormse
1089 1330 1181 1402 atque
1197 1326 1332 1406 species,
1355 1344 1467 1406 supre-

379 1443 467 1485 mum
505 1420 640 1503 adquam
667 1419 788 1482 iontem
817 1423 951 1484 babeant
978 1442 1106 1486 necesse
1140 1432 1204 1500 est,
1245 1445 1283 1488 ex
1314 1448 1375 1507 quo
1403 1431 1467 1492 sint

379 1531 556 1608 prognatae
573 1518 635 1601 ‘is'
671 1520 775 1585 Finxit
801 1525 897 1603 igitur
926 1526 1033 1589 aarum
1065 1529 1151 1606 qrrasi
1178 1531 1337 1591 materiam
1372 1550 1467 1611 quan-

381 1630 472 1704 dam,
494 1628 642 1689 sedeam
665 1630 749 1690 omni
770 1628 898 1688 liberam
928 1631 1083 1690 rationum
1113 1637 1146 1690 et
1171 1629 1340 1693 turmarum
1368 1637 1467 1696 varis-

381 1739 465 1807 tate‚
496 1732 542 1792 its
564 1737 601 1793 ut
621 1733 698 1792 nibii
719 1733 762 1794 sit
782 1722 876 1792 alind
894 1731 954 1793 nisi
981 1732 1142 1793 universae
1168 1734 1322 1813 assentire
1347 1739 1467 1815 species

383 1835 558 1916 quaedam,
600 1835 720 1914 qualem
754 1835 863 1896 animis
897 1834 1062 1913 compiecti
1102 1833 1152 1895 vix
1186 1835 1349 1898 divinando
1382 1837 1467 1913 licet,
1584 1902 1594 1919 Ι,

383 1941 555 2012 obiectire‚
578 1942 614 1996 ut
630 1937 675 1997 ita
695 1937 812 2012 dicam,
834 1943 974 2017 spectata
985 1936 1047 2013 aa).
1092 1938 1188 2014 Quam
1202 1939 1327 2017 quidem
1343 1946 1469 2002 senten-

384 2045 457 2103 tiam
478 2046 635 2112 nostram,
656 2045 835 2102 insternere
856 2040 1005 2101 bsrioirri
1026 2038 1200 2115 videamur,
1222 2043 1327 2120 paulis
1343 2060 1467 2105 accusa·

384 2147 446 2209 tius
467 2145 518 2207 sei
538 2143 699 2205 illustrare
718 2144 767 2203 rei
789 2144 973 2205 eondrmsrc
993 2143 1181 2205 consbimur.
1408 2188 1413 2195 .

467 2247 574 2309 Facile
594 2245 691 2325 igitur
703 2244 791 2305 Piato
805 2246 882 2307 iiiud
894 2245 1047 2307 concessit
1060 2246 1195 2321 dilectis,
1218 2267 1370 2311 summum
1383 2250 1467 2329 quod

384 2352 563 2412 statuebant
583 2339 660 2412 ¹Eos
687 2366 757 2410 esse
785 2364 877 2410 noum
905 2350 1052 2426 astuque
1082 2348 1262 2411 distinctum
1296 2353 1467 2416 formarum

385 2461 420 2517 et
441 2455 595 2517 ratianum
616 2454 775 2513 serietate.
819 2450 909 2530 Quod
932 2468 973 2512 ne
984 2458 1092 2514 nostro
1105 2453 1166 2532 ipsi
1178 2448 1329 2518 arbitrato
1336 2454 1468 2519 'florius

383 2557 562 2632 videamur,
584 2556 662 2617 iacit
682 2554 859 2621 Aristotelis
880 2554 1074 2634 aliorumque
1089 2557 1275 2636 scriptorum
1289 2563 1467 2637 auctoritas,

384 2678 466 2741 quos
488 2659 611 2722 Platoni
632 2657 713 2719 banc
732 2658 916 2719 sententiam
930 2658 1049 2721 diserte
1059 2660 1207 2723 tribuisse
1218 2666 1328 2742 postea
1339 2662 1474 2727 demon·-

384 2763 563 2827 strsbinus.
613 2760 705 2842 Quod
734 2759 762 2821 si
789 2775 895 2820 serum
922 2766 988 2835 est,
1016 2764 1107 2823 sicuti
1129 2772 1193 2838 est,
1215 2766 1308 2826 facile
1328 2772 1468 2846 apparet,

385 2885 448 2927 eur
468 2866 498 2926 b
523 2865 585 2928 boe
603 2880 748 2928 sermone
773 2858 989 2922 Psrmenidem
1016 2864 1163 2943 placitum
1188 2867 1266 2927 iiiud
1288 2887 1376 2928 suum
1397 2870 1477 2929 iliu--

389 2973 544 3031 strsntern
563 2965 777 3031 introduxerit.
818 2964 895 3025 Nsrn
918 2963 1011 3028 inuiam
1032 2966 1227 3047 potissimum
1254 2971 1407 3030 sententia
1429 2971 1471 3032 de

389 3090 456 3133 rans
477 3079 614 3152 usqum
636 3070 736 3132 omnis
759 3068 911 3129 esseutiae
925 3068 1015 3131 ionte
1034 3069 1156 3131 Pistori
1174 3070 1375 3132 vehementer
1396 3092 1470 3153 pro-

386 3177 462 3240 bsts
482 3182 548 3252 est,
569 3194 664 3256 quom
685 3158 784 3236 ceteri
802 3170 934 3233 Eleatici
956 3173 1032 3235 siias
1054 3172 1200 3251 qrrasdam
1221 3173 1268 3236 iili
1290 3176 1470 3240 admiscuis-

387 3285 459 3343 sent
485 3280 645 3354 dodones,
681 3295 759 3356 qnae
790 3275 828 3335 sb
858 3275 926 3337 eius
952 3281 1062 3336 ustura
1084 3275 1269 3337 videbantur
1289 3277 1469 3343 abhorrere.

387 3382 507 3446 Verum
536 3383 617 3445 enim
642 3399 717 3444 sero
739 3376 860 3442 etiamsi
881 3374 971 3439 Plato
993 3378 1185 3440 Parmenidis
1206 3380 1270 3440 Eos
1292 3383 1471 3460 probaverit

386 3504 594 3566 magnopere,
626 3492 731 3546 tamen
751 3480 918 3551 tenendum
940 3488 1004 3555 est,
1027 3499 1096 3541 eum
1120 3482 1150 3540 iu
1173 3483 1355 3559 qusibusdsm
1369 3487 1471 3565 »parti-

387 3592 447 3652 bus
477 3591 517 3649 sb
544 3589 628 3650 iilius
656 3587 809 3649 sententia
835 3584 1017 3645 discessisse
1038 3589 1131 3662 atque
1160 3586 1309 3645 rationem
1334 3588 1472 3651 eius'sei

388 3693 631 3755 emendasset
658 3690 698 3750 sd
724 3688 872 3750 maiorem
906 3686 1088 3767 pertinuisse
1122 3687 1387 3765 probabilitatem,
1421 3692 1471 3753 sei

387 3815 464 3861 suse
479 3796 579 3876 ipsius
592 3794 705 3856 rationi
719 3791 890 3872 prudenter
906 3789 1184 3850 accommodavisse
1197 3796 1230 3849 et
1240 3784 1471 3871 satemperasse.

389 3900 483 3981 Quod
513 3899 595 3960 enim
623 3901 656 3958 iu
687 3893 898 3976 superioribus
932 3893 1064 3954 vidimus
1098 3912 1115 3950 a
1143 3892 1326 3956 Permesside
1356 3896 1472 3957 iaetum

389 4024 476 4080 esse,
499 4008 535 4065 ut
556 4001 824 4083 Pythagoreorum
846 4003 971 4059 securius
993 3994 1104 4074 piacita
1126 4012 1181 4057 eus
1202 4014 1290 4057 suum
1303 4000 1395 4058 etiam
1417 4000 1472 4059 de-
1600 4042 1605 4047 -

388 4107 591 4172 tenuiustum
613 4123 683 4167 esse
703 4104 813 4175 veilet3
841 4099 1040 4181 sagacissime
1061 4098 1151 4161 Plato
1173 4100 1403 4177 animadvertit,
1435 4120 1474 4163 es

391 4270 605 4281 ·-.———

459 4364 487 4427 ⁴)
506 4360 666 4431 Principiam
691 4375 747 4410 esse
767 4357 928 4410 intellectum
954 4351 1068 4403 nurniuis
1085 4354 1218 4421 supremi,
1253 4355 1321 4407 inira
1340 4355 1473 4424 copiosius

389 4428 601 4513 dispaubimssz
627 4445 697 4480 nunc
716 4428 785 4479 enisa
800 4425 857 4496 ipsu
873 4421 1059 4493 disputationis
1078 4424 1148 4473 ratio
1170 4422 1291 4489 flagitat,
1309 4429 1340 4474 ut
1357 4424 1389 4474 de
1410 4424 1474 4502 solis

387 4498 563 4566 &adispici
565 4514 648 4548 sssss
1150 4558 1156 4569 ι

461 4567 506 4633 u)
522 4565 651 4617 Consulto
664 4566 776 4616 diximus
789 4559 952 4618 Medusaeis,
977 4577 1008 4611 nc
1030 4574 1097 4625 quae
1117 4557 1210 4607 derude
1230 4557 1263 4608 de
1284 4574 1313 4608 es
1336 4558 1471 4619 fficnutss,

388 4641 498 4686 nostru
510 4634 649 4686 rideantur
660 4632 791 4685 adrerusi
805 4630 958 4682 sententias.
