3775 5442
698 638 1017 702 enuntiemus.
1344 646 1405 710 451

324 810 411 893 αὕτη
429 811 450 893 ἡ
473 809 654 886 ὑπόθεσις,
677 818 703 875 εὶ
725 814 760 877 ἓν
781 806 827 895 μὴ
850 814 959 887 ἔστινς
981 803 1048 896 ἆρά
1072 835 1104 875 τι
1127 812 1278 900 διαφέρει
1300 813 1408 893 τῆςὸε,

321 921 350 981 εὶ
369 908 415 1000 μὴ
437 918 472 980 ἓν
493 911 538 998 μὴ
562 919 649 991 ἔστα·
672 914 829 1003 Διαφέρει
850 917 974 996 μέντοι.
996 914 1153 1004 Διαφέρει
1176 909 1291 996 μόνον,
1313 909 1406 994 deal

320 1021 393 1082 πᾶν
412 1016 612 1082 τούναντίον
633 1019 723 1081 ἔστιν
745 1021 861 1092 εἰπεῖν,
889 1020 915 1081 εὶ
936 1011 982 1100 μὴ
1005 1017 1040 1082 ἓν
1061 1011 1106 1100 μὴ
1131 1019 1215 1092 ἔστι,
1243 1020 1304 1081 τοῦ
1326 1020 1352 1082 εἰ
1373 1000 1445 1085 luc

319 1113 366 1202 μὴ
390 1123 477 1195 ἔστις
499 1121 579 1183 Πᾶν
601 1116 808 1202 τούναντίον.
838 1118 879 1181 Τι’
900 1115 933 1181 δ’
958 1116 1059 1194 εἴτις
1082 1120 1186 1202 λέγοι,
1209 1122 1235 1184 ελ
1256 1122 1407 1204 μέγεθος
1513 1136 1516 1146 ’

317 1216 366 1305 μὴ
390 1225 481 1288 ἔστιν
502 1217 525 1302 ι’)
546 1217 727 1309 σμικρότης
748 1215 793 1303 μὴ
815 1222 907 1284 ἔστιν
928 1215 951 1300 ἤ
972 1245 1006 1285 τι
1028 1215 1112 1285 ἄλλο
1143 1225 1207 1285 τῶν
1233 1217 1407 1301 τοιούτων,

319 1314 390 1409 ἆρα
412 1324 468 1414 ἐφ’
488 1319 630 1390 ἑκάστου
651 1319 695 1390 ἄν
717 1326 821 1403 δηλοῖ,
843 1318 898 1388 ὅτι
919 1319 1033 1408 ἕτερόν
1054 1348 1088 1388 τι
1112 1324 1197 1407 λέγει
1219 1318 1257 1387 τὸ
1279 1320 1325 1409 μὴ
1348 1324 1407 1402 ὄνε

320 1418 476 1512 Πιῖνιιγε.
505 1426 631 1492 Οὐκοῦν
654 1431 711 1492 καὶ
732 1426 918 1505 νῦνιὸηλοῖ,
941 1421 995 1490 ὅτι
1017 1433 1129 1510 ἕτερον
1151 1428 1237 1510 λέγει
1259 1432 1327 1494 τῶν
1348 1426 1404 1493 ἄλ·

318 1530 386 1595 λων
409 1527 448 1596 τὸ
470 1525 514 1613 μὴ
538 1522 592 1605 ὄν,
626 1524 710 1594 ὅταν
731 1528 803 1619 εἴπῃ
826 1530 861 1592 ἓν
883 1532 909 1591 εὶ
930 1522 976 1610 μὴ
1000 1535 1091 1602 ἔστα·
1121 1531 1177 1593 καὶ
1199 1529 1293 1611 ἴσμεν
1315 1526 1335 1595 ὃ
1357 1533 1403 1597 λέ-

318 1653 387 1714 γεις
413 1626 529 1713 Ἴσμεν.
575 1633 720 1716 Πρῶτον
747 1633 808 1713 μὲν
836 1625 905 1717 ἄρα
935 1625 1085 1714 γνωστόν
1107 1653 1137 1694 τι
1161 1631 1263 1714 λέγει,
1292 1635 1405 1699 ἔπειτα

316 1901 456 1967 ceperat,
488 1902 520 1950 ut
547 1895 589 1964 ie,
618 1892 668 1969 qni
696 1893 765 1969 quid
795 1894 884 1950 vellet
912 1902 1049 1950 accurate
1076 1893 1218 1969 pleneque
1241 1895 1406 1969 exquirere,

316 2012 380 2050 non
402 1997 494 2051 nolum
515 1993 645 2065 videret,
661 1994 744 2071 qnid,
766 1997 792 2053 ei
812 1994 869 2054 hoc
894 1998 939 2054 vel
962 1995 1034 2053 illud
1056 2002 1229 2070 poneretur,
1250 1994 1317 2055 inde
1340 1995 1405 2053 elli·

316 2106 450 2170 ceretur‚
480 2100 709 2169 verumetiam,
739 2099 809 2174 quid
831 2099 930 2157 eodem
953 2097 1066 2157 sublato
1089 2098 1228 2174 coneequi
1250 2097 1404 2157 dicendum

318 2208 411 2270 eeaet3
441 2200 470 2256 id
490 2218 568 2257 nnnc
590 2200 627 2256 a'd
655 2202 853 2276 quaestionem
877 2202 912 2258 de
938 2200 1007 2259 Uno
1034 2205 1076 2260 ita
1104 2201 1251 2272 troducit,
1280 2200 1405 2277 utquid

317 2304 462 2359 aumtione
485 2304 551 2375 illa,
575 2305 601 2362 ἓν
622 2304 645 2363 εἲ
667 2305 752 2378 ἔστιν,
774 2317 883 2382 negata
905 2305 940 2361 de
962 2314 1025 2363 tote
1047 2323 1149 2362 caueae
1171 2304 1294 2362 iudicari
1317 2323 1403 2380 opor-

318 2414 391 2477 tent,
413 2404 558 2464 subtiliter
580 2410 732 2484 explorare
755 2419 888 2465 conetur.
932 2411 1029 2476 Quum
1051 2421 1148 2465 autern
1169 2407 1326 2482 dupliciter
1348 2408 1403 2464 ali·

317 2507 390 2586 quid
417 2513 519 2588 negari
546 2521 649 2586 queat,
681 2512 729 2566 vel
756 2509 902 2581 absolute,
933 2518 966 2564 ut
988 2512 1049 2566 eius
1071 2513 1116 2567 via
1139 2520 1168 2566 et
1189 2523 1295 2567 notura
1317 2511 1403 2584 plene

317 2612 456 2683 tollatur,
484 2616 531 2670 vel
553 2614 696 2684 relative,
726 2632 814 2688 quum
836 2611 905 2687 quid
927 2612 1062 2689 negando
1085 2612 1187 2670 finitur
1208 2631 1243 2669 ac
1266 2612 1404 2669 determi-

317 2724 420 2784 netur,
442 2718 566 2791 primum
589 2728 737 2790 quaerere·
748 2715 891 2786 instituit,
915 2715 984 2789 quid
1006 2715 1055 2769 nni
1078 2714 1210 2771 accidere
1233 2715 1405 2771 existiman·

318 2817 385 2878 deun
414 2820 471 2888 ait,
499 2819 524 2873 ei
551 2835 617 2873 cum
643 2817 786 2874 relatione
811 2826 943 2897 negetur.
988 2816 1132 2883 Quocirca
1160 2835 1218 2872 non
1240 2835 1305 2874 eeee
1326 2834 1404 2874 nune

318 2932 360 2981 eet
383 2919 460 2978 nihil
482 2919 560 2976 aliud
582 2920 641 2977 nisi
663 2918 700 2978 ab
722 2920 794 2978 aliie
816 2921 966 2979 diveroum
989 2937 1071 2991 eree,
1106 2927 1139 2976 ut
1161 2918 1196 2974 de
1218 2938 1253 2976 eo
1276 2919 1405 2998 agitetur

319 3025 467 3101 quaestio,
489 3024 558 3098 quid
580 3023 665 3081 ideae
687 3023 872 3094 tribuendum
892 3022 1151 3107 adiudicandumve
1173 3024 1229 3095 ait,
1252 3024 1277 3080 ei
1300 3039 1334 3078 ea
1351 3040 1404 3097 po·

318 3137 405 3185 natur
427 3126 463 3184 ab
485 3128 570 3190 aliia,
601 3125 655 3183 hoo
686 3139 729 3186 eet
757 3128 832 3185 idcia
859 3125 1090 3195 affirmantibus,
1123 3126 1241 3183 diversa
1263 3144 1326 3182 ease
1348 3144 1403 3182 nec

318 3232 376 3290 uiti
406 3228 610 3308 negationibus
639 3230 856 3289 determinetur.
899 3229 975 3289 Nom
1001 3231 1035 3291 τά
1057 3225 1124 3290 ἄλλα
1151 3232 1182 3287 in
1209 3229 1264 3287 hac
1287 3230 1404 3307 quidem

319 3332 523 3408 disputationis
551 3342 634 3408 porte
662 3353 720 3391 uon
749 3355 811 3392 ease
839 3337 991 3392 materiam
1021 3351 1208 3409 corpoream,
1244 3333 1295 3388 aed
1322 3333 1402 3390 idem

318 3437 444 3509 eleuter,
475 3439 506 3494 in
534 3436 751 3515 Prolegornenie
780 3437 1026 3495 demonstravisse
1054 3435 1197 3504 ridemur,
1241 3431 1312 3491 Cum
1340 3442 1404 3492 toto

318 3537 374 3598 hoe
396 3541 460 3598 loco
482 3539 693 3615 comparandus
715 3548 759 3596 eat
781 3537 909 3614 Sophist.
931 3557 960 3612 p.
983 3538 1056 3596 257.
1070 3538 1105 3599 B.
1119 3555 1181 3613 eqq.

404 3674 436 3733 C.
480 3676 510 3734 ei
529 3679 687 3751 μέγεθος
706 3673 751 3751 μή
773 3675 869 3751 ἔστι]
893 3675 917 3731 ei
939 3673 1110 3753 magnitudo
1133 3691 1192 3731 non
1215 3682 1259 3730 εει
1280 3670 1336 3729 hoc
1358 3674 1405 3729 vel

318 3777 409 3852 illad3
438 3779 464 3835 ei
485 3778 653 3855 magnitudo
675 3797 734 3835 non
755 3775 811 3835 hoc
833 3780 880 3834 vel
902 3779 955 3836 illo
976 3777 1143 3852 praedicato
1166 3785 1306 3845 ornatur,
1335 3775 1354 3831 i.
1377 3792 1403 3831 e.

319 3881 345 3936 ai
368 3879 404 3935 ab
425 3879 481 3938 hoc
502 3882 548 3937 vel
571 3881 622 3936 illo
645 3882 761 3937 diversa
784 3890 835 3937 eet.
863 3879 948 3937 Unde
971 3880 1073 3937 deinde
1097 3881 1178 3937 addit
1199 3854 1403 3946 Parmenidetg

318 3987 396 4057 δηλοῖ
416 3983 458 4044 ὅτι
485 3983 574 4063 ἕτερόν
594 4008 620 4043 τι
640 3987 709 4060 λε’γει
736 3981 767 4041 τό
794 3983 830 4059 μή
852 3979 891 4043 ὅν,
935 3982 1077 4058 Loquitur
1107 3993 1205 4038 tamen
1233 3979 1330 4055 paullo
1352 3976 1403 4037 ob-

318 4089 450 4160 acutius,
472 4089 607 4164 quoniam
630 4088 728 4144 endem
751 4085 875 4143 formula
896 4087 985 4142 etiam
1006 4088 1125 4155 utimur,
1147 4083 1196 4140 ubi
1218 4081 1286 4158 quid
1308 4082 1402 4137 omni-

318 4209 357 4249 no
378 4191 608 4271 ecneimplieiter
630 4210 692 4247 crae
721 4207 870 4266 negamur,
916 4187 974 4245 Sed
1003 4189 1141 4244 nimirum
1167 4188 1239 4244 talia
1269 4196 1301 4244 ut
1322 4192 1402 4243 recte

319 4256 535 4373 intelligantur,
557 4293 594 4350 ad
611 4295 764 4351 universae
783 4291 988 4366 disputationis
1010 4290 1223 4348 cohaerentiam
1246 4288 1404 4367 diligenter

320 4396 529 4455 attendendum
552 4405 607 4455 eat.

406 4533 555 4610 Προῖτον
573 4536 634 4609 μὲν
655 4528 722 4610 ἆρα
743 4529 901 4608 γνωστόν
921 4554 955 4587 τι
975 4527 1106 4608 λέγει,]
1130 4529 1204 4589 Nam
1226 4528 1307 4601 idea,
1331 4544 1403 4603 quae

322 4636 455 4714 negando
478 4635 702 4708 determinatur,
731 4634 833 4711 utique
859 4643 957 4693 mente
985 4643 1086 4693 noetra
1108 4632 1283 4691 intormem
1304 4637 1333 4687 et
1355 4648 1404 4687 cc-

1127 4735 1196 4800 aa*
