3775 5442
370 631 433 696 224
686 626 772 689 Liber
792 628 912 707 primas.
954 626 1053 689 Sectic
1074 627 1144 690 Xll.

370 796 594 882 adspectsbilea
624 797 719 861 simili
739 800 834 862 mede
856 800 1099 865 considerandae
1119 807 1203 863 sunt.
1245 798 1322 861 Nam
1342 798 1455 863 harum

370 911 480 977 nutura
501 906 594 981 atque
615 901 756 965 condicio
777 902 921 983 quantun
942 923 1074 985 prorsus
1095 903 1135 966 ad
1147 903 1286 966 idearum
1301 905 1456 968 ratinnem

371 1016 420 1073 est
440 1011 657 1087 attemperata,
677 1004 749 1067 fleri
769 1004 914 1087 proiecta
934 1026 998 1071 unu
1017 1011 1140 1088 petest,
1163 1007 1237 1086 quin
1258 1007 1287 1069 si
1306 1006 1454 1071 undenae

371 1111 580 1196 generaliore·
608 1113 753 1188 tanquam
778 1109 963 1190 negantibus
999 1110 1253 1173 attributionibna
1289 1107 1455 1191 insignitae

372 1215 563 1295 cogitentur,
596 1212 693 1274 etlam
715 1231 767 1276 res
797 1212 976 1275 individuae
1006 1218 1101 1293 atque
1133 1213 1306 1293 singulares
1343 1213 1456 1275 eedem

371 1317 465 1380 modo
488 1313 673 1395 spectandae
694 1315 766 1379 siut.
809 1314 994 1395 Priusquam
1013 1334 1086 1377 vere
1111 1315 1299 1396 quisenta
1322 1316 1363 1377 de
1383 1335 1455 1396 gra-

370 1419 496 1483 vissime
524 1417 586 1479 hec
611 1417 682 1481 loce
711 1418 910 1494 disseruerit,
937 1437 997 1497 per
1022 1426 1127 1499 partes
1148 1418 1323 1494 videamus,
1356 1437 1455 1499 pauca

371 1523 573 1607 praemittere
594 1538 674 1601 epus
694 1526 745 1585 est
764 1521 806 1583 de
825 1522 882 1596 iis,
906 1539 985 1600 quae
1006 1520 1047 1582 ad
1063 1521 1223 1584 universae
1236 1521 1455 1603 disputationis

371 1631 432 1691 uim
452 1632 540 1689 reete
559 1624 791 1706 percipiendam
812 1623 988 1686 necessaria
1008 1630 1090 1687 sunt.

455 1730 513 1795 nt·
526 1728 605 1801 illud
633 1729 757 1808 quidem
786 1726 940 1788 neminem
969 1731 1114 1807 putamus
1141 1727 1354 1791 dubitaturum
1374 1724 1470 1803 esae,'

373 1855 434 1918 que
457 1852 549 1897 sensu
571 1835 641 1893 tute
661 1829 723 1890 hoc
743 1828 813 1890 loce
844 1829 980 1891 formula
999 1830 1072 1905 illa,
1100 1828 1136 1893 iv
1157 1825 1250 1913 εἰμὴ
1272 1831 1379 1907 ἔστιν,
1405 1850 1457 1893 ac-

373 1937 514 2019 cipienda
542 1934 593 1997 sit.
642 1930 750 2010 Neque
776 1930 858 1993 enim
887 1924 926 1995 τὸ
949 1926 1034 1997 εἶναι
1062 1931 1245 2013 simpliciter
1271 1939 1305 1995 et
1331 1934 1457 1997 omnine

372 2042 460 2116 tolli,
482 2039 538 2102 sed
561 2038 738 2114 comparate
758 2034 881 2115 negari,
903 2033 978 2097 inde
999 2035 1174 2097 luculenter
1193 2042 1304 2117 patere
1324 2038 1457 2099 arbitra·

372 2163 460 2219 mur,
487 2129 643 2222 quadani
670 2129 758 2199 ἄλλα
784 2138 876 2199 variis
903 2138 1147 2219 proprietatibus
1174 2139 1314 2203 ridemus
1341 2140 1454 2215 eman,

374 2246 501 2327 quibua,
524 2240 609 2303 omni
630 2234 745 2312 οὐσίας
765 2240 796 2299 vl
817 2240 955 2316 sublata,
977 2240 1060 2303 haud
1079 2241 1172 2303 dubie
1191 2247 1302 2304 'essem
1311 2244 1456 2311 caritura.

374 2347 525 2430 Quocirca
545 2341 747 2411 maniiestum,
764 2345 829 2417 est,
851 2342 912 2405 hec
933 2344 1004 2407 loen
1025 2344 1104 2406 iilud
1124 2345 1318 2424 potissimum
1335 2347 1458 2427 exquiri

373 2458 467 2532 atque
488 2445 683 2526 investigari,
705 2444 781 2524 qnid
803 2453 874 2520 τοῖς
896 2439 1013 2521 ἄλλοις
1034 2449 1176 2511 accidere
1195 2450 1390 2512 iudicandum
1403 2450 1456 2527 sit,

373 2555 402 2619 ai
421 2553 512 2616 ideae
532 2553 687 2633 ponantur
706 2547 891 2629 negantibus
912 2550 1064 2613 limitatae
1075 2552 1159 2615 notis
1170 2552 1304 2634 ideaque
1317 2553 1354 2614 ab
1369 2553 1458 2615 sitir-

373 2655 530 2719 mantibus
552 2638 731 2716 sedenibus
754 2652 903 2717 diversae.
952 2652 1155 2717 subnascitur
1182 2673 1257 2717 vern
1283 2655 1336 2721 lue
1357 2657 1458 2719 altere

374 2758 543 2833 dubitatio,
570 2773 719 2838 quaenam
749 2747 792 2817 rei
815 2746 902 2817 ἄλλα
929 2755 992 2818 aiut
1018 2757 1222 2837 intelligenda
1241 2765 1335 2839 atque
1355 2760 1457 2823 inier-

374 2863 494 2927 manda.
537 2860 615 2923 Nam
637 2878 730 2940 quum
752 2859 788 2921 in
814 2860 977 2939 superlore
997 2860 1213 2943 disputationis
1243 2862 1396 2942 particula
1415 2880 1457 2927 en

373 2967 498 3030 nemine
519 2963 694 3045 appellatae
720 2962 782 3023 siut
808 2961 898 3025 ideae
928 2963 1153 3028 affirmantibus
1175 2967 1259 3029 netis
1279 2966 1456 3052 distinctae,

374 3070 551 3151 ambiguum
562 3084 637 3135 sane
654 3064 753 3125 videri
763 3066 880 3143 peterit
892 3065 1002 3128 dehac
1014 3087 1121 3130 caussa
1133 3069 1289 3132 indicium.
1323 3069 1457 3132 Verum-

373 3179 477 3234 tamen
498 3188 567 3230 mea
588 3166 713 3246 quaem
735 3169 889 3228 sententia
909 3169 1042 3231 mutum
1063 3169 1208 3248 fallatur,
1235 3172 1264 3235 si
1285 3172 1353 3252 quis
1375 3190 1458 3237 nunc

374 3275 415 3336 de
435 3272 516 3334 ideis
537 3268 631 3331 modo
653 3270 755 3330 aiente
775 3269 872 3331 finitis
894 3290 1068 3334 sermenem
1089 3290 1160 3335 esse
1180 3275 1242 3337 sibi
1258 3278 1457 3357 penuriosa

373 3378 451 3441 Nam
472 3375 605 3455 primum
627 3372 752 3452 quidem
774 3373 816 3435 de
836 3372 998 3453 utriusque
1018 3377 1143 3457 generis
1163 3378 1303 3441 idearum
1325 3399 1407 3442 nexu
1423 3387 1459 3444 et

374 3477 572 3542 cohaerentia
594 3477 668 3539 satis
691 3475 874 3554 explicatum
895 3484 944 3539 cst
965 3478 998 3539 iu
1014 3462 1244 3559 superioribus,
1265 3490 1301 3545 ut
1314 3484 1458 3563 proiecte

374 3581 474 3645 omnis
502 3582 542 3643 de
568 3579 628 3641 hac
654 3596 690 3640 re
717 3578 885 3659 disputatio
918 3601 1000 3643 niune
1028 3582 1153 3662 quidem
1176 3603 1404 3666 supervacanea
1424 3592 1460 3649 et

373 3684 491 3747 inurtilis
512 3683 612 3745 rideri
633 3682 756 3745 debeat.
799 3682 919 3744 Deinde
941 3686 1048 3763 quaeri
1068 3686 1265 3750 manifestum
1287 3678 1336 3750 est
1351 3688 1391 3749 de
1406 3707 1457 3764 ee,

374 3785 459 3869 quod
480 3788 519 3849 alr
542 3786 633 3849 ideae
653 3786 796 3868 negando
817 3787 924 3849 finitae
944 3789 975 3849 ui
996 3794 1029 3852 et
1048 3795 1159 3852 natura
1187 3791 1282 3854 veluti
1304 3789 1459 3852 afliciatur

372 3910 432 3973 per
453 3909 582 3970 eamque
603 3891 690 3970 quasi
710 3894 839 3970 regatur
858 3890 1122 3953 etcuuiormetur.
1166 3893 1258 3972 Quod
1270 3898 1356 3953 certe
1365 3910 1459 3956 neme

374 3994 435 4056 erit
455 3994 509 4073 qui
529 3994 561 4055 in
583 3993 727 4067 alienun}
743 3993 821 4057 illud
842 4012 940 4072 genus
961 3994 1100 4057 idearum
1122 3996 1208 4058 nulle
1230 3996 1324 4056 mede
1345 3994 1461 4060 cadere

373 4103 522 4177 protenus
543 4096 702 4178 largiatur.
750 4096 916 4159 Praeterea
943 4098 1110 4178 diligenter
1137 4106 1187 4161 est
1214 4096 1461 4161 animadverten-

374 4201 464 4275 dum,
497 4218 549 4275 ea,
584 4219 664 4279 quae
689 4201 751 4265 hoc
777 4200 847 4263 leco
875 4201 1108 4281 intellig1mtur,
1136 4193 1180 4263 τὰ
1211 4192 1301 4263 ἄλλα
1329 4197 1461 4263 disertis

373 4303 477 4365 serbis
503 4300 634 4365 iudicari
669 4306 729 4366 τοῦ
758 4294 832 4376 ἑνὸς
859 4297 919 4365 οὐκ
947 4299 1032 4367 εἶναι
1060 4296 1163 4379 ἄλλα,
1198 4292 1244 4383 μὴ
1278 4293 1378 4377 ὄντος
1412 4323 1461 4385 ys,

374 4423 468 4483 quum
495 4410 585 4466 antea
612 4397 655 4467 τὰ
685 4397 773 4465 ἄλλα
803 4406 841 4466 ab
869 4424 947 4480 runo,
976 4407 1103 4487 neganti
1124 4406 1217 4469 mode
1240 4404 1460 4482 determinate,

375 4506 554 4587 discrepare
582 4507 718 4586 ideoque
744 4507 774 4567 ei
803 4507 964 4569 dissimilia
991 4528 1062 4571 esse
1091 4510 1279 4590 disputatum
1303 4509 1354 4571 sit.
1398 4506 1460 4570 uid.

374 4626 405 4686 p.
417 4607 489 4670 lul.
502 4610 538 4670 Α.
554 4608 588 4671 Β.
610 4609 680 4672 cell.
703 4628 732 4690 p.
748 4609 819 4671 llil.
833 4608 870 4677 ln.
893 4609 966 4674 lea.
982 4612 1018 4673 A.
1031 4613 1065 4674 li.
1110 4612 1157 4675 Er
1176 4632 1238 4693 que
1258 4612 1460 4693 perspicuum
