3775 5442
656 619 741 679 Liber
761 623 874 679 tertius.
918 619 1020 680 Sectio
1041 620 1090 680 tlt
1357 625 1423 689 82⁸

331 791 484 871 suspicio,
520 791 611 854 buius
641 791 690 852 vel
720 792 803 853 illius
838 793 963 854 scliclae
998 795 1232 874 argumentandi
1265 797 1416 857 rationem

331 894 533 956 deridendum
560 893 745 972 propinarit
787 896 937 957 Nimirum
966 914 1057 958 serus
1087 897 1293 975 philosophus
1322 898 1414 959 etiem

330 997 522 1057 ludibundus
544 997 687 1057 miscebit
714 997 794 1057 seria
816 1001 908 1068 ineis,
936 998 1072 1078 alioquin
1095 1000 1266 1060 mittendus
1287 1000 1414 1080 Anticy-

330 1119 407 1163 ram.
450 1097 549 1159 Porro
579 1099 687 1159 mirum
716 1117 845 1178 prorsus
875 1113 967 1180 atquae
1001 1102 1159 1182 singulare
1189 1102 1331 1163 videatur
1357 1118 1434 1163 ne-·

330 1221 421 1265 ceste
442 1208 500 1274 est,
528 1201 575 1275 si,
599 1220 689 1280 quum
719 1203 858 1263 idearum
882 1204 1037 1279 doctriua,
1071 1222 1150 1283 quae
1172 1210 1221 1264 est
1242 1205 1328 1285 quasi
1358 1225 1412 1266 arx

330 1304 479 1384 quaedam
503 1305 663 1367 universae
683 1304 900 1384 philosophiae
921 1306 1108 1380 Platonicae,
1130 1307 1162 1366 in
1175 1308 1280 1385 priore
1292 1308 1418 1388 dialogi,

328 1415 420 1487 parte
440 1405 655 1468 aParmeuide
677 1408 843 1468 subtilibus
865 1411 1053 1485 argumentis
1076 1410 1281 1488 impugnetur,
1307 1418 1409 1473 lamen

328 1510 505 1590 posteriore
527 1509 600 1569 libri
625 1518 715 1588 parte
734 1509 813 1570 nibil
840 1510 922 1570 eliud
952 1520 1075 1591 agatur,
1101 1531 1190 1591 quarn
1221 1520 1256 1574 ut
1281 1512 1408 1577 fallaces

328 1610 598 1673 conclusiunculae
620 1630 729 1689 magno
752 1629 881 1674 numero
903 1621 1137 1687 coacervantur,
1165 1614 1276 1692 quibus
1303 1618 1409 1679 adrer-

326 1715 481 1776 sariornm
505 1714 682 1791 disputandi
704 1716 782 1775 ratio
805 1719 919 1778 misere
940 1737 976 1777 ac
997 1736 1096 1796 prope
1122 1717 1285 1795 pueriliter
1306 1719 1408 1799 exagi-

325 1824 425 1879 tetur.
470 1815 619 1877 h'lmirum
646 1816 690 1877 ita
711 1826 796 1879 certe
817 1820 906 1882 Plato
929 1820 1030 1881 videri
1050 1818 1180 1880 deberet
1200 1839 1236 1881 se
1262 1839 1320 1881 suo
1341 1819 1411 1899 ipse

324 1923 434 2004 gladio
463 1919 634 1998 iugulasse,
667 1921 719 1997 qui
745 1922 845 2000 primo
868 1922 1084 1984 Parmenidem
1113 1929 1175 1981 tam
1197 1930 1288 1983 acute
1309 1921 1407 1987 disac-

326 2033 448 2086 rentem
470 2022 703 2096 introduxisset,
726 2031 821 2084 utne
843 2002 986 2085 Socratis.
1002 2024 1123 2105 quidem
1147 2042 1276 2084 acrrmen
1290 2022 1319 2083 el
1332 2025 1413 2101 satis¹

326 2129 523 2196 adversetur3
557 2123 671 2185 deinde
703 2134 805 2186 autem
828 2127 1014 2205 blegaricam
1042 2127 1221 2206 disputandi
1242 2137 1339 2189 artem
1362 2130 1407 2191 sic

327 2229 500 2291 deridiculo
522 2226 697 2301 habuisset,
728 2236 762 2289 ut
783 2231 894 2309 quibus
917 2230 1010 2290 arinis
1031 2231 1143 2292 summi
1165 2231 1293 2290 Eleatae
1314 2252 1406 2312 argu-

327 2341 431 2394 menta
453 2329 645 2392 retundenda
667 2331 740 2406 sint,
767 2351 807 2392 ne
827 2332 951 2413 Lynceo
979 2334 1103 2412 quidem
1131 2334 1223 2395 alicui
1250 2346 1405 2414 appareat.

327 2438 391 2500 Sed
409 2438 550 2499 nolumus
574 2435 643 2513 plus
666 2453 781 2515 operae
801 2435 833 2494 iu
856 2436 1056 2519 convellenda
1078 2437 1222 2515 opinione
1238 2439 1316 2499 adeo
1334 2457 1413 2518 per-¹

325 2559 416 2602 seraa
443 2547 476 2601 et
502 2538 626 2598 inliceta
655 2557 852 2614 consumere,
874 2539 1059 2620 praesertim
1081 2554 1175 2615 quum
1196 2559 1215 2598 e
1235 2541 1404 2617 superiori-

326 2644 386 2704 bus
413 2641 529 2702 clarum
555 2640 598 2701 sit
619 2648 651 2701 et
672 2641 888 2719 perspicuum,
916 2639 1117 2702 subtilissima
1139 2641 1193 2700 illa
1220 2646 1314 2717 atque
1334 2661 1404 2721 gra-

326 2744 449 2807 vissima
470 2743 665 2805 Parmenidis
688 2742 899 2820 disputatione
920 2743 1065 2820 explicari
1087 2742 1184 2820 ipsius
1206 2742 1343 2804 Platonis
1365 2746 1406 2805 de

325 2866 433 2909 rernm
454 2842 551 2926 οὐσίᾳ
574 2854 668 2924 atque
688 2844 769 2908 ideis
791 2845 985 2907 renuntiem.
1031 2844 1171 2923 Quodsi
1194 2843 1248 2922 qui
1270 2862 1341 2906 casu
1363 2847 1406 2907 ite

326 2949 445 3010 factm
465 2969 535 3010 esse
556 2951 670 3024 dicant,
694 2968 750 3011 eos
770 2956 877 3030 putem
898 2948 990 3009 citius
1012 2948 1104 3009 etlam
1127 2947 1302 3009 credituros
1327 2968 1407 3023 esse,

326 3053 409 3114 hauc
428 3071 528 3113 meam
551 3054 790 3134 disputationem
820 3051 953 3114 fortuito
975 3051 1166 3115 Parmenidis
1187 3051 1340 3113 Platonici
1360 3053 1412 3125 ln·¹

325 3157 582 3238 terpretationem
604 3157 747 3230 erasisse,
771 3174 862 3234 quum
884 3156 915 3216 el
936 3163 1020 3216 esset
1039 3156 1233 3237 propositum
1245 3156 1407 3218 obscuram

325 3261 511 3324 nostratium
540 3260 732 3340 quorrrndatu
763 3259 965 3323 subtilitatem
994 3260 1206 3340 perstringere
1227 3268 1260 3321 et
1281 3281 1406 3323 coacer-

326 3364 405 3426 ratis
427 3362 618 3442 syllogismis
646 3362 729 3423 omni
756 3380 848 3424 sensu
871 3368 904 3423 et
930 3363 1129 3424 cohaerentia
1150 3363 1310 3425 destitutis
1332 3364 1408 3442 quid

326 3473 411 3531 esset
432 3467 516 3546 quod
537 3465 584 3526 illi
606 3465 754 3526 docerent
776 3465 1000 3526 demonstrare.
1043 3464 1105 3524 Sed
1122 3464 1309 3525 veniamusa
1329 3465 1406 3528 locis

326 3571 367 3633 ad
395 3571 487 3633 seria.
552 3568 697 3647 0ppouat
724 3567 804 3628 enim
833 3566 923 3626 nobis
954 3567 1064 3645 aliquis
1091 3572 1183 3646 atque
1205 3567 1344 3641 obiiciat,
1367 3587 1409 3631 ne

326 3679 464 3737 noemam
488 3671 613 3750 quidem
635 3671 785 3731 rationem
807 3670 998 3749 probandam
1021 3669 1136 3745 videri,
1159 3669 1407 3749 quandoquidem
1439 3721 1448 3737 ,

325 3777 375 3839 sel
397 3796 435 3838 ea
455 3775 587 3836 admissa
614 3774 699 3834 haud
719 3793 817 3854 pauca
838 3776 1012 3852 supersint,
1040 3792 1118 3852 quae
1148 3775 1285 3853 argutius
1316 3792 1408 3852 quam

325 3879 430 3941 verius
452 3878 596 3940 conclusa
617 3877 786 3938 rideantur.
852 3877 909 3939 Cui
931 3897 989 3959 ege
1018 3878 1062 3940 sie
1089 3877 1242 3949 concedo,
1276 3880 1310 3936 nt
1330 3893 1406 3937 non-

325 3983 405 4045 nihil
425 3983 492 4044 reri
513 3982 553 4043 ab
576 3999 613 4041 eo
635 3978 773 4059 proferri
794 3982 952 4043 confitear.
996 3980 1217 4044 Verumtamen
1239 3986 1408 4059 propterea

324 4104 389 4147 non
414 4085 581 4147 reiicienda
609 4101 697 4157 esse,
726 4102 804 4162 quae
832 4105 850 4144 a
875 4085 967 4146 nobis
995 4083 1143 4146 hactenus
1165 4088 1237 4144 snut
1258 4083 1407 4160 exposita,

323 4189 418 4251 nobis
445 4188 537 4267 plane
563 4186 780 4267 persuasimus.
835 4188 921 4251 Nam
949 4188 1081 4267 primum
1109 4185 1232 4266 quidem
1258 4188 1349 4246 ctiam
1374 4185 1435 4245 lu·

324 4292 396 4354 allis
417 4291 557 4353 Platonis
586 4290 782 4353 sermonibus
809 4291 967 4354 interdum
988 4308 1007 4351 e
1028 4290 1192 4350 verborum
1214 4293 1248 4349 et
1269 4290 1407 4361 enuntia,-

323 4401 430 4455 torum
451 4394 655 4472 ambiguitate
678 4413 734 4455 eae
755 4393 911 4455 ducuntur
932 4391 1230 4472 argumentationes,
1253 4412 1328 4471 quas
1348 4392 1407 4455 hos

323 4497 376 4560 die
403 4516 498 4558 nemo
526 4497 631 4577 paullo
659 4495 845 4576 prudentior
873 4495 1128 4577 comprobsrerit
1185 4497 1306 4575 Quippe
1332 4514 1408 4559 oon-

323 4601 503 4665 donaudum
530 4607 580 4663 est
608 4599 725 4680 eliquid
751 4598 945 4681 antiquitati,
978 4616 1057 4678 quae
1086 4617 1121 4659 ea
1142 4600 1242 4669 caruit
1258 4604 1407 4680 eplorant

1133 4698 1200 4760 21·
