3775 5442
678 642 763 702 Liber
785 645 903 719 primus.
948 642 1049 706 Sestio
1070 647 1107 709 ii.
1388 657 1430 718 iii

317 814 422 895 Quod
456 813 487 875 si
515 831 577 874 oon
606 823 726 876 temere
754 817 933 891 statuimus,
970 820 1054 897 quod
1081 830 1167 882 oerte
1189 840 1250 882 uon
1273 831 1427 906 putamus,

319 918 587 998 qsrsndoquiiem
618 919 708 980 Pisto
738 938 795 980 neo
821 919 882 981 iioe
903 919 935 980 in
958 940 1073 1000 genere
1101 924 1270 1004 quidquam
1299 932 1428 992 molitur

321 1024 459 1104 inepte,
490 1023 541 1083 vei
569 1022 668 1103 ipsius
689 1022 829 1085 Platonis
851 1025 1031 1087 testimonio
1053 1026 1333 1092 Soirieiermoeireri
1356 1054 1425 1095 seo·

321 1128 464 1189 tentiam
488 1128 565 1189 satis
585 1126 756 1189 stabilitam
779 1144 849 1194 esse
870 1127 1067 1189 arbitramur.

418 1230 525 1308 errrm
549 1248 622 1290 vero
643 1230 694 1292 lris
716 1230 905 1311 argumentis
926 1230 1103 1312 Megaricos
1130 1232 1252 1312 priores
1278 1238 1318 1298 ab
1341 1238 1425 1299 ides-

323 1352 399 1395 rum
432 1332 578 1394 doetrio'a
604 1352 665 1396 uon
696 1334 739 1396 its
761 1333 963 1396 abhorruisse
982 1335 1165 1415 probavisse
1186 1339 1361 1414 videamur,
1390 1351 1426 1404 ut

326 1456 382 1499 eas
407 1436 537 1517 pesitus
554 1437 704 1498 tollerent
719 1454 756 1498 eo
768 1444 981 1509 removereut;
1003 1448 1068 1498 tum
1082 1440 1161 1500 iiiusi
1173 1460 1308 1520 quoque,
1328 1461 1424 1521 quau-

328 1549 397 1601 tam
437 1540 565 1619 quidem
595 1541 627 1601 in
657 1544 742 1600 tants
772 1539 1023 1602 testimoniorum
1049 1542 1166 1602 iactura
1194 1543 1300 1604 faeere
1321 1547 1423 1619 licent,

332 1644 500 1723 probabiie
521 1642 657 1704 rediere
678 1643 875 1716 conabimur,
898 1643 982 1722 quod
1006 1645 1262 1723 supradiximus,
1285 1648 1422 1728 Mogari-

331 1768 386 1809 eos
409 1746 510 1809 nihilo
533 1748 635 1811 seoius
658 1766 709 1809 res
730 1748 791 1810 sub
809 1763 933 1807 sensum
955 1745 1110 1808 subiectas
1132 1749 1270 1810 uoluisse
1292 1771 1328 1810 ex
1344 1753 1423 1813 ideis

334 1852 399 1913 uiis
421 1850 519 1912 motio
541 1851 697 1930 pendere,
719 1851 751 1911 in
773 1868 871 1929 esqste
892 1868 929 1910 re
950 1869 1091 1930 maguam
1112 1850 1228 1914 iecisse
1249 1871 1267 1912 s
1285 1853 1424 1918 Platonis

334 1955 490 2015 seruatis
520 1954 752 2016 diseessionem.
801 1952 892 2032 Quod
916 1971 1099 2033 quamquam
1121 1942 1169 2015 vei
1191 1974 1210 2015 e
1231 1955 1423 2019 Parmenidis

335 2059 563 2139 disputatione,
586 2024 673 2119 euim
695 2063 908 2137 argumentum
923 2064 1013 2117 autea
1026 2059 1239 2136 exposuimus,
1263 2061 1337 2124 satis
1350 2080 1423 2141 pro-

334 2162 481 2223 babiliter
501 2160 652 2242 eoiligere
674 2161 763 2231 iioet3
791 2168 909 2231 tameo,
932 2178 973 2219 ne
995 2178 1053 2221 utm
1078 2162 1256 2223 coniectura
1275 2165 1420 2240 nitamur,
1544 2212 1548 2219 .

335 2284 386 2326 res
414 2263 536 2345 indiget
564 2266 656 2326 etiam
688 2264 822 2325 certiore
843 2263 947 2342 aliquo
970 2270 1151 2343 argumento
1174 2284 1210 2325 ao
1230 2266 1421 2329 testimonio.

334 2368 428 2447 Quoi
457 2368 484 2430 si
512 2388 552 2429 ex
581 2368 636 2441 iis,
670 2386 747 2446 quise
775 2367 816 2428 de
842 2359 1072 2447 Megaricorum
1101 2368 1224 2446 piaoitis
1246 2380 1420 2445 narrantur,

334 2470 438 2551 repeti
458 2477 581 2551 potest,
603 2472 763 2551 praeclare
784 2471 944 2532 nobiseum
967 2471 1157 2546 sommant,
1181 2471 1290 2550 quiite
1311 2493 1368 2534 uec
1388 2476 1420 2534 iu

333 2575 392 2636 irae
413 2581 503 2654 parte
523 2572 699 2634 videbimur
719 2579 839 2634 temere
856 2573 1001 2635 harioioti
1021 2592 1099 2635 esse.
1145 2576 1305 2637 Pertiueut
1318 2584 1420 2637 autum

334 2680 412 2752 huo,
436 2695 515 2757 quae
535 2695 556 2738 o
575 2676 715 2756 Diogene
736 2675 835 2739 Lairt.
857 2677 894 2738 ll.
918 2677 990 2738 llo.
1019 2676 1060 2738 sie
1082 2677 1224 2757 Stilpoae
1246 2686 1420 2754 narrantur,

333 2800 397 2863 quo
421 2781 508 2854 iooo,
529 2775 671 2870 Ἀνῄρει,
699 2778 814 2860 inquit,
843 2780 898 2842 zui
921 2772 965 2841 rei
987 2776 1072 2856 εἴδη,
1102 2782 1157 2842 καὶ
1182 2781 1268 2864 ἔλεγε
1291 2778 1351 2848 τὸν
1373 2786 1419 2847 λε’-

333 2904 445 2967 futura
476 2874 662 2966 ἄνθρωπον
692 2879 776 2946 εἶναι.
802 2879 945 2962 μηδένα·
983 2875 1059 2942 οὔτε
1086 2876 1151 2963 γὰρ
1184 2878 1279 2945 τόνδε
1314 2885 1421 2966 λέγειν

335 2980 417 3049 οὔτε
447 2979 556 3050 τόνδε·
604 2990 638 3050 τί
666 2980 732 3069 γὰρ
760 2983 891 3067 μᾶλλον
921 2976 1018 3047 τόνδε
1048 2977 1067 3061 ἢ
1095 2979 1213 3056 aduraim
1247 2978 1323 3046 orire
1352 2982 1421 3064 (ipo

334 3083 447 3151 τόνδε·
478 3088 535 3151 καὶ
563 3084 666 3152 πάλιν
694 3081 734 3151 τὸ
762 3080 911 3169 λάχανον
945 3080 1005 3148 οὐκ
1034 3088 1101 3149 ἔστι
1133 3082 1172 3149 τὸ
1195 3081 1421 3168 δεικνύμενον·

334 3187 484 3276 λάχανον
504 3194 566 3274 μὲν
588 3182 653 3276 γὰρ
675 3178 717 3269 ἦν
739 3182 804 3271 πρὸ
817 3190 942 3273 μυρίων
959 3191 1056 3252 ἐτῶν·
1079 3186 1139 3252 οὐκ
1152 3182 1221 3274 ἄρα
1237 3191 1307 3252 ἔστι
1320 3193 1421 3254 τοῦτο

333 3298 346 3361 (
356 3288 418 3373 τὸ)
441 3288 599 3377 λάχανον.
644 3293 735 3372 Quod
763 3291 885 3373 quidem
914 3294 1127 3355 testimonium
1157 3313 1195 3354 eo
1218 3296 1340 3372 gravius
1363 3306 1420 3367 es‘,

333 3398 404 3478 quis
433 3397 536 3479 Stiipo
563 3397 703 3478 Diogene
729 3402 857 3457 auotore
885 3395 920 3455 il.
946 3396 1016 3457 llt.
1051 3398 1168 3457 audiuit
1204 3400 1353 3475 quosdam
1382 3417 1420 3459 ex

333 3501 473 3564 Buoiidis
503 3501 636 3575 ismiiia,
669 3500 811 3577 adeoque
843 3499 1013 3559 seeundum
1041 3502 1119 3561 aiios
1153 3501 1251 3579 ipsius
1281 3502 1420 3561 liuoiisiis

333 3606 459 3667 auditor
481 3605 554 3678 init,
577 3608 612 3664 ut
632 3601 776 3682 proiecto
798 3601 969 3662 verisimile
989 3604 1048 3677 sit,
1071 3623 1141 3663 eum
1163 3604 1303 3664 iiuoiidis
1326 3606 1420 3666 ratio-

333 3730 401 3772 nem
431 3716 574 3772 secutum
602 3725 673 3768 esse
700 3705 827 3783 eiusque
855 3707 1040 3766 senteutiam
1071 3726 1151 3768 nouo
1174 3707 1276 3786 aliquo
1298 3710 1421 3789 ipsique

333 3814 463 3895 proprio
498 3815 681 3893 argumento
716 3808 961 3870 communiviase.
1020 3809 1193 3870 Doiemium
1230 3818 1279 3872 est
1306 3818 1418 3885 autom,

333 3917 416 3996 quoti
439 3916 529 3997 prior
550 3921 637 3976 certe
659 3912 750 3973 huius
773 3911 834 3973 ioci
854 3913 1006 3991 partiouia
1036 3933 1145 3993 magna
1166 3913 1288 3973 laborat
1310 3916 1420 3977 obseu-

334 4022 442 4096 ritsie‚
467 4018 551 4080 arusie
572 4018 760 4096 interpretes
781 4015 880 4078 verim
902 4017 969 4077 eiras
998 4018 1170 4098 explicandi
1192 4017 1329 4077 rationes
1350 4024 1420 4078 ten-

332 4131 485 4185 taverunt.
531 4124 670 4201 Quorum
692 4120 862 4181 sententias
874 4122 1018 4199 quonism
1033 4121 1155 4181 referre
1169 4120 1297 4198 longum
1311 4128 1359 4180 ost
1374 4122 1418 4198 *)‚

334 4228 406 4305 quid
430 4227 523 4290 nobis
546 4225 694 4305 optimum
716 4224 875 4299 videatur,
898 4226 966 4285 sine
988 4226 1168 4305 ambagibus
1191 4223 1419 4302 explicabimus.

335 4330 469 4417 vitietur
496 4336 599 4390 autem
632 4327 722 4389 nobis
743 4327 996 4392 Aidobrsndinus
1018 4330 1157 4411 proximo
1179 4328 1217 4387 ed
1240 4344 1347 4386 vertum
1369 4344 1420 4385 ao-

401 4522 427 4571 ⁸i
444 4516 508 4564 vid.
534 4514 568 4563 is.
588 4511 789 4565 casaubonum.
816 4509 1061 4570 ildebrandinum.
1089 4510 1255 4572 iiiouopiusu,
1281 4509 1314 4557 ari
1340 4509 1417 4574 Βίοις.

331 4586 350 4635 Ι.
369 4603 395 4637 e.
422 4585 554 4634 iiiiiernor
579 4582 607 4631 iss
634 4580 725 4631 Museo
752 4578 944 4663 iiiren·'T.iii.
970 4579 1059 4631 i’.iii.
1086 4598 1113 4647 p.
1125 4574 1180 4627 526
1192 4593 1250 4643 sqq.
1275 4576 1419 4642 Depiasimu

332 4654 351 4705 Ι.
371 4671 396 4706 e.
416 4670 445 4723 p.
464 4648 513 4704 w.
