3775 5442
485 611 526 677 18
570 633 572 638 ’
816 608 902 667 Liber
923 609 1042 684 primus.
1085 604 1185 666 Sectio
1208 606 1229 665 l.

486 782 623 863 Sopbist
645 800 676 861 p.
687 780 761 845 242.
781 779 818 842 Ι).
851 784 947 858 atque
967 776 1154 841 Aristoteles
1175 776 1253 839 Met.
1273 776 1326 843 ΙΙΙ.
1347 778 1395 852 4.,
1423 796 1465 841 ne
1485 797 1569 840 com-

487 904 655 947 memorem
682 884 769 948 ulios.
819 883 885 945 Nec
912 881 1057 963 proiecto
1084 880 1179 955 illutl,
1213 880 1307 943 morlo
1335 881 1493 943 subtiliter
1520 901 1571 942 cr.

488 989 606 1069 piatur,
641 989 679 1049 ob
708 987 775 1048 eius
803 989 907 1047 mente
935 990 969 1046 et
996 983 1150 1047 sententia
1175 967 1346 1049 abhorrere
1373 987 1569 1049 arbitramur.

489 1093 566 1157 Nem
595 1083 634 1155 τὸ
656 1082 705 1156 ᾗόν
733 1088 812 1151 illusi
840 1087 1033 1150 Parmenidis
1064 1092 1097 1148 et
1130 1105 1252 1148 omnem
1287 1090 1410 1152 omuino
1446 1086 1572 1164 οὐσίαν,

381 1204 384 1213 “
488 1196 586 1276 ipsius
607 1192 719 1255 iudicio
742 1192 834 1253 unice
854 1210 910 1255 suo
934 1190 1058 1252 nomine
1080 1189 1219 1269 dignam,
1241 1190 1274 1254 iu
1292 1210 1327 1254 se
1346 1192 1572 1271 complectitur,

491 1305 523 1360 et
543 1316 600 1378 per
621 1314 655 1358 se
677 1296 778 1376 ipsum
801 1301 849 1358 est
870 1313 966 1356 unum
988 1300 1081 1373 atque
1102 1292 1248 1372 simplex,
1283 1294 1366 1373 quoti
1395 1294 1481 1356 nulla
1497 1315 1573 1375 par.

490 1402 567 1463 tium
596 1399 745 1460 verietate
773 1418 809 1460 uc
835 1396 1034 1459 multitudine
1063 1396 1230 1458 discretum
1259 1398 1300 1458 alt
1327 1417 1363 1460 ac
1384 1397 1574 1460 distinctum.

491 1506 686 1588 Quamquam·
710 1520 772 1563 uon
800 1501 913 1562 iniuria
938 1505 988 1561 est
1015 1499 1202 1575 dubitatum,
1243 1517 1316 1561 num
1344 1501 1471 1563 Eleates
1505 1501 1575 1581 ipse

492 1597 601 1670 collem
617 1607 678 1670 isto
693 1604 847 1678 formuls,
870 1623 961 1685 quum
979 1594 1346 1682 postes'irequeutoruut
1367 1605 1420 1684 qni
1442 1603 1483 1665 tle
1506 1605 1574 1666 eius

492 1711 612 1772 ratione
634 1717 859 1789 exposuerunt,
881 1709 913 1769 in
935 1705 1071 1768 carmine
1093 1726 1149 1768 suo
1172 1727 1301 1793 usquam
1323 1727 1397 1770 usus
1416 1709 1467 1772 sit.
1511 1708 1574 1770 Seu

492 1814 554 1876 boe
574 1819 730 1891 utcunque
750 1830 786 1873 se
807 1809 918 1881 babet,
940 1825 1041 1889 neque
1059 1809 1142 1870 euim
1160 1796 1193 1871 id
1208 1811 1326 1890 agimus
1339 1810 1402 1872 boc
1422 1818 1574 1892 tempore,

491 1915 570 1978 illud
592 1915 717 1994 quidem
738 1932 776 1974 ex
797 1914 853 1985 iis,
875 1929 955 1991 quae
976 1911 1191 1990 exposuimus,
1211 1912 1331 1992 liquido
1353 1933 1512 1994 apparere
1524 1934 1575 1976 ar-

493 2020 663 2090 bitramur,
696 2005 911 2076 Parmenidem
939 2004 979 2074 τὸ
1009 2005 1049 2077 ὅν
1076 2033 1165 2075 suum
1192 2033 1251 2077 nec
1275 2015 1317 2076 de
1337 2001 1426 2079 coelo
1455 2018 1513 2079 ue'c
1534 2018 1576 2079 ‹le

493 2121 554 2184 att·
580 2127 638 2206 nse
669 2119 710 2179 ue
731 2118 810 2179 tuos
831 2115 971 2178 unum
994 2134 1051 2177 neu
1073 2116 1113 2176 ue
1134 2116 1230 2178 utura
1252 2135 1357 2180 rerum
1380 2119 1575 2201 suspensur-

493 2225 569 2287 lium
596 2221 733 2284 voluisse
764 2218 911 2298 intelligi,
945 2219 978 2280 in
1008 2239 1068 2299 qua
1101 2222 1254 2281 sententia
1289 2222 1404 2285 multos
1430 2221 1528 2286 fuisse
1556 2243 1576 2286 e

493 2323 647 2389 Bnndnn
667 2324 844 2385 narratione
865 2341 895 2401 p.
911 2321 973 2383 158
994 2341 1062 2401 sqq.
1084 2322 1194 2386 discas.
1243 2326 1313 2387 Non
1335 2327 1435 2388 miuus
1457 2334 1575 2390 certum

494 2435 654 2511 putemus,
686 2427 864 2506 neutiquam
901 2445 972 2486 eum
1005 2425 1196 2490 intellexiste
1228 2430 1447 2504 substantiam,
1485 2448 1576 2509 quern

494 2534 587 2613 vulgo
609 2531 783 2611 appellent,
805 2549 884 2609 quae
905 2533 939 2588 et
959 2527 1118 2589 materiam
1140 2531 1243 2592 etaim
1256 2533 1388 2594 dlubrum
1401 2550 1576 2612 per-rerum

495 2625 728 2698 universitatem
749 2638 924 2713 pertentam
946 2633 1225 2712 complecteretur,
1261 2637 1305 2698 its
1331 2642 1367 2697 ut
1393 2635 1454 2697 τοῦ
1477 2626 1576 2709 ὄντος

496 2740 620 2801 nomine
641 2723 739 2801 toturn
760 2754 864 2798 rerum
887 2742 1026 2797 naturam
1049 2736 1335 2816 comprehenderit:
1366 2738 1399 2798 in
1426 2757 1487 2817 qus
1509 2739 1577 2818 opi-

496 2844 590 2913 nione
609 2842 809 2904 vehementer
823 2839 970 2900 miramur
984 2837 1083 2899 iusisse
1096 2840 1305 2904 acutissimum
1316 2840 1413 2903 virum
1430 2842 1579 2903 eundem·

496 2964 558 3026 que
570 2945 793 3028 «lectissimum,
815 2941 1034 3004 commentatt.
1045 2942 1159 3006 Eleatt.
1171 2953 1329 3007 auctorem
1344 2964 1374 3025 p.
1388 2945 1449 3006 ltu
1460 2950 1493 3006 et
1506 2945 1576 3008 181.

474 3049 560 3111 imo
582 3049 652 3123 llle,
682 3048 709 3108 si
731 3047 805 3125 quid
826 3045 932 3120 video,
964 3046 1142 3125 geuenlem
1164 3043 1279 3120 οὐσίας
1300 3049 1360 3107 vim
1383 3053 1415 3107 et
1437 3053 1578 3108 naturum

496 3152 529 3212 iu
550 3153 652 3212 animo
674 3147 886 3224 informatam,
908 3150 958 3210 cul
979 3158 1081 3209 tamen
1106 3153 1262 3209 enarum
1282 3149 1392 3209 tribuit
1404 3150 1576 3227 veritatem,

297 3297 299 3305 .
383 3301 384 3304 ,
497 3258 533 3314 ut
559 3271 638 3331 quae
667 3252 870 3330 aequabiliter
895 3271 954 3332 per
981 3252 1083 3312 omnia
1110 3256 1196 3314 esset
1224 3249 1354 3325 diffusa,
1387 3254 1448 3314 τοῦ
1476 3243 1577 3329 ὄντος

497 3355 620 3416 nomine
645 3354 779 3435 intelllgi
804 3356 917 3429 voluit,
956 3355 1091 3435 ideoque
1106 3373 1216 3416 rerum
1238 3354 1430 3418 mutbbiliutn
1452 3362 1485 3416 et
1504 3375 1578 3437 per·

497 3463 608 3538 pretuae
636 3439 839 3520 vicissitudini
864 3460 1071 3522 subiecturum
1093 3465 1231 3519 uatrrram
1253 3459 1293 3517 ab
1316 3476 1371 3531 eo,
1400 3460 1482 3537 quod
1503 3479 1578 3521 vere

498 3566 596 3634 esset,
618 3561 776 3622 subtiliter
798 3568 830 3622 et
852 3568 1030 3623 constanter
1041 3560 1188 3621 distinxit.
1231 3557 1349 3621 Verum
1366 3559 1427 3620 iam
1445 3563 1577 3642 antiqui·
1615 3546 1619 3551 ’

497 3671 547 3724 tus
560 3666 718 3743 perspexit
729 3666 872 3745 egregius
886 3664 1065 3728 Aristotelis
1076 3665 1250 3744 interpres,
1274 3663 1461 3744 Simplicius,
1483 3667 1577 3727 Corn-
1621 3658 1626 3675 ⁶

496 3773 623 3827 menter.
647 3766 685 3826 sd
708 3767 801 3848 Phys.
823 3768 880 3832 iol.
901 3767 931 3831 b.
954 3786 984 3847 p.
999 3768 1029 3831 2.
1050 3767 1106 3831 iol.
1130 3770 1160 3831 u.
1173 3764 1201 3828 l.
1225 3764 1282 3826 iol.
1297 3768 1348 3830 lt.
1363 3769 1393 3831 2.
1414 3767 1532 3830 fulli.
1546 3768 1576 3829 1.
1626 3812 1628 3817 -

496 3868 552 3929 iol.
566 3869 660 3932 2³3.
686 3869 741 3934 iol.
755 3872 852 3935 eul.
879 3871 935 3933 iol.
950 3870 1041 3933 tul.
1063 3872 1102 3934 sl.
1152 3871 1255 3948 utque
1282 3871 1359 3934 baec
1388 3873 1416 3934 si
1434 3892 1507 3933 uere
1528 3872 1576 3933 iu-

497 3972 680 4047 dicauimus,
714 3975 788 4054 quid
821 3975 861 4036 de
893 3974 1023 4052 reliquls
1057 3975 1116 4035 viri
1149 3974 1271 4055 placitis
1300 3978 1341 4039 sit
1368 3974 1577 4050 statuendum,

495 4075 615 4138 facilius
644 4076 737 4138 etism
767 4069 983 4158 perspicietur.
1041 4079 1111 4141 Etsi
1138 4080 1219 4139 enim
1246 4081 1373 4142 Eleates
1402 4099 1457 4140 eus
1486 4094 1577 4138 suum

495 4180 592 4241 voluit
613 4197 683 4242 esse
704 4172 855 4243 inlinitum
877 4180 1033 4260 nullisque
1052 4186 1227 4262 temporum
1244 4190 1298 4244 aut
1310 4184 1451 4245 locorum
1463 4180 1576 4241 finibus

495 4282 774 4361 circumscriptum
811 4292 914 4346 umen
942 4284 1087 4363 quonism
1115 4305 1239 4365 semper
1264 4288 1351 4350 idem
1375 4291 1407 4347 et
1438 4288 1522 4345 esset
1544 4289 1577 4345 et

494 4390 649 4461 maneret,
683 4386 804 4448 formae
829 4385 918 4464 quasi
948 4386 1070 4450 uinculo
1098 4389 1298 4451 constrictum
1329 4407 1399 4451 esse
1420 4384 1579 4453 iudicavit.

494 4486 571 4546 Nom
597 4488 666 4567 lpse
691 4504 719 4549 r.
738 4488 780 4548 ⁹⁰
801 4493 834 4549 et
854 4504 921 4567 sqq.
954 4488 998 4550 lta
1025 4489 1066 4551 da
1091 4490 1140 4551 hls
1158 4491 1262 4552 rebus
1293 4491 1392 4551 canit:
1444 4482 1576 4552 Ταύτόν

495 4583 565 4650 τ’ὲν
584 4585 697 4670 ταύτῷ
719 4606 754 4652 τε
766 4591 866 4669 μένον
879 4588 962 4654 καθ’
978 4586 1079 4656 ἑαυτό
1096 4614 1133 4658 τε
1145 4599 1261 4658 xatas.
1305 4585 1417 4666 Οὕτως
1433 4591 1575 4674 ἔμπεδον
