3775 5442
409 690 415 704 ,
464 629 530 694 2⁰2
800 629 887 688 biber
909 630 1025 689 tertius.
1069 625 1168 686 Sectio
1190 627 1212 688 Ι.

468 804 566 866 tentia
588 801 791 880 discreparet,
823 800 913 863 Plato
934 799 1111 861 faciendum
1133 798 1261 877 putavit,
1284 804 1318 857 ut
1340 796 1551 860 Eleaticorum

466 906 670 987 inprimisque
695 905 888 966 Parmenidia
910 903 1061 964 rationem
1083 906 1286 981 cognosceret
1318 899 1488 964 studiosius
1505 901 1552 978 *),

467 1014 561 1090 atque
582 1008 621 1070 ab
644 1026 682 1069 eo
704 1007 777 1068 inde
798 1014 955 1087 tempore,
994 1023 1034 1065 ne
1055 1005 1094 1064 ab
1116 1002 1259 1064 Eristicis
1282 1001 1460 1064 confutatus
1483 1023 1554 1065 esse

466 1111 642 1185 videretur,
671 1109 711 1171 de
739 1108 949 1172 fundamentis
972 1107 1133 1184 doctrinae
1155 1123 1229 1167 auae
1257 1105 1377 1167 tirmius
1405 1106 1553 1169 iaciendis

467 1221 561 1294 atque
582 1212 824 1275 corroborandis
852 1211 991 1292 cogitare
1021 1211 1135 1290 coepit.
1184 1211 1230 1271 Ac
1250 1209 1320 1269 lieri
1341 1228 1417 1270 sana
1437 1215 1553 1291 potest,

463 1321 504 1379 ui
523 1317 579 1378 illo
601 1323 743 1395 tempore
765 1316 805 1376 ab
825 1314 959 1397 Euclide
987 1313 1116 1393 eiusque
1137 1312 1352 1387 familiaribus,
1385 1314 1456 1391 quis
1477 1332 1554 1374 uon-

467 1420 543 1483 dum
568 1421 601 1481 in
629 1417 800 1480 dialecticis
828 1426 896 1478 erat
926 1417 1002 1478 satis
1031 1416 1235 1490 exercitatus,
1268 1415 1300 1475 in
1328 1415 1486 1495 angustias
1514 1417 1556 1480 slt

468 1524 625 1596 redactus,
647 1539 796 1600 quorsum
818 1520 956 1583 fortasse
979 1527 1100 1599 spectat
1121 1518 1210 1592 illud,
1234 1518 1317 1597 quod
1340 1520 1372 1580 in
1394 1519 1553 1582 Parmeni-

467 1627 518 1690 dis
538 1624 691 1707 principio
713 1622 858 1686 Socrates
888 1623 960 1686 talis
982 1623 1155 1695 inducitur,
1185 1629 1221 1683 ut
1248 1621 1374 1683 itrveuili
1400 1616 1555 1685 modestis

468 1748 506 1792 ao
524 1728 675 1790 iacilltate
694 1725 822 1787 Eleatae
853 1726 1173 1806 acerrime-pugnanti
1193 1744 1252 1806 per
1272 1725 1374 1785 omnia
1395 1725 1555 1796 concedat,

454 1831 587 1897 ¹Verum
614 1832 655 1892 de
682 1830 740 1890 bac
766 1850 803 1891 re
832 1831 970 1890 dicemus
998 1836 1125 1907 posteat
1159 1847 1239 1888 urruc
1267 1827 1441 1889 inchoatam
1471 1828 1555 1889 iuvat

467 1933 615 2017 persequi
636 1933 853 1993 narrationem.
908 1933 1015 2011 ltaque
1036 1931 1241 2011 philosophus
1264 1951 1357 2011 quum
1379 1930 1553 2012 Megarico·

469 2057 539 2099 rum
566 2035 813 2096 dubitationibus
840 2035 1042 2096 venementer
1069 2040 1241 2095 commotus
1270 2033 1450 2114 disciplinae
1478 2055 1554 2097 suae

333 2209 340 2225 ,
469 2139 621 2202 rationem
651 2136 795 2197 subtilius
822 2137 977 2215 explicare
1010 2138 1189 2216 certiusque
1223 2138 1414 2199 constituere
1445 2138 1554 2200 decre-

469 2242 575 2316 visset,
598 2239 764 2319 longinqua
785 2239 839 2300 ills
860 2259 896 2301 ac
911 2240 1066 2316 diuturna,
1090 2235 1169 2319 quae
1186 2245 1259 2318 post
1275 2241 1421 2320 suscepit,
1442 2241 1555 2302 itinera

471 2346 539 2410 elus
561 2342 722 2408 consilium
745 2362 808 2404 uon
828 2343 1074 2424 impediverunt,
1097 2343 1154 2405 sed
1176 2343 1288 2403 mirum
1311 2351 1457 2422 quantum
1480 2363 1553 2406 con-

470 2450 644 2511 firmarunt.
698 2444 744 2506 ua
771 2464 832 2525 qus
851 2464 888 2506 re
919 2446 1063 2508 uolumus
1090 2447 1206 2507 iterare
1234 2464 1313 2526 quoe
1340 2445 1485 2527 Proleqq.
1513 2448 1554 2509 ad

469 2551 591 2616 Platon.
614 2549 709 2629 0pcr.
731 2548 769 2612 Τ.
789 2549 812 2612 Ι.
840 2569 870 2629 p.
893 2548 979 2611 XVII
1000 2583 1042 2596 -
1064 2550 1161 2612 xxlt.
1193 2549 1405 2613 disscrrdmus.
1451 2551 1553 2629 Quum

471 2655 554 2719 enim
574 2654 768 2734 pervenisset
786 2654 818 2714 in
840 2653 958 2715 ltaliam
979 2653 1172 2730 inferiorem,
1195 2653 1328 2715 amicitia
1348 2670 1417 2714 cum
1438 2652 1552 2733 Pytbs-

469 2756 576 2840 qoreis
597 2756 701 2817 iuncta
716 2744 944 2818 'aeconomum
966 2773 1041 2816 saue
1062 2755 1155 2820 buius
1177 2749 1313 2819 familiae
1334 2755 1475 2819 notitiam
1498 2755 1554 2819 ad·

471 2865 564 2942 eptus
586 2866 645 2934 est,
667 2879 757 2938 quam
778 2860 811 2921 in
831 2860 899 2939 ipsa
920 2858 1051 2920 Graecia
1072 2860 1201 2940 adipisci
1222 2860 1252 2922 ei
1272 2861 1422 2924 licuisset.
1474 2859 1552 2922 Nam

471 2963 593 3026 etiamsi
612 2965 673 3025 iam
695 2968 767 3024 ante
788 2962 924 3024 Socratis
947 2967 1079 3023 mortem
1101 2961 1259 3025 Simmiam
1288 2971 1382 3042 atque
1404 2963 1552 3025 Cebetem

471 3065 591 3128 'l'bebia
619 3071 845 3127 commorantes
873 3064 1041 3140 audiverit,
1077 3070 1180 3126 tamen
1208 3085 1357 3147 unusquam
1385 3067 1553 3129 memoriae

471 3168 629 3248 proditum
650 3167 792 3246 legimus,
815 3184 884 3227 eum
907 3167 956 3227 bis
979 3168 1108 3228 multum
1131 3169 1292 3232 debuisse:
1326 3171 1389 3232 imo
1416 3189 1455 3232 ax
1474 3169 1552 3250 ipsis

472 3271 540 3335 cius
562 3268 710 3347 operibus
731 3268 941 3330 verisimiliter
963 3268 1118 3345 coniicias,
1140 3289 1211 3332 eum
1234 3281 1344 3353 postea
1367 3274 1491 3335 demum
1513 3273 1552 3335 ad

471 3370 693 3436 accuratiorem
714 3371 949 3452 plenioremque
970 3370 1151 3451 disciplinie
1165 3375 1388 3458 Pythagoricae
1410 3377 1552 3440 notitiam

472 3475 660 3557 pervenisse.
725 3477 791 3538 Dici
820 3485 923 3537 autem
959 3492 1020 3537 non
1049 3483 1171 3557 potest,
1205 3487 1350 3560 quantum
1382 3498 1419 3541 ea
1450 3500 1486 3543 re
1512 3480 1550 3542 ad

472 3579 643 3642 doctrinam
671 3598 756 3640 auam
786 3578 1004 3658 perficiendam
1031 3587 1125 3660 atque
1153 3582 1405 3645 conformandam
1428 3584 1553 3647 adiutus

471 3683 523 3748 sic
564 3682 641 3744 Nam
662 3682 801 3744 veritatis
823 3683 939 3743 semina
961 3702 1055 3762 quum
1078 3686 1109 3745 iu
1127 3686 1392 3766 Pythagoreorum
1416 3687 1551 3749 decretis

471 3785 604 3869 plurima
622 3783 743 3845 videret
763 3783 890 3857 inclusa,
912 3783 1065 3847 iecuudus
1088 3787 1184 3867 ipsius
1206 3791 1324 3852 animus
1346 3797 1496 3870 protenus
1516 3809 1553 3850 ea

470 3891 517 3954 sic
543 3886 665 3969 excepit
690 3891 783 3965 sique
810 3886 905 3962 lovit,
937 3894 973 3949 ut
999 3907 1061 3963 non
1087 3898 1216 3970 possent
1246 3912 1307 3953 nou
1336 3892 1457 3955 fructus
1478 3894 1552 3954 iude

470 3990 636 4074 provenire
663 4007 799 4071 prorsus
833 3990 945 4052 eximii.
1011 3992 1161 4070 Quoniam
1196 4003 1298 4057 autem
1335 3994 1475 4058 doctriua
1511 3999 1552 4059 dc

470 4096 619 4159 scientiae
644 4099 755 4154 natura
780 4099 873 4171 atque
901 4094 981 4155 ideis
1009 4096 1105 4157 veluti
1128 4116 1181 4156 arx
1203 4105 1251 4158 est
1272 4103 1365 4177 atque
1387 4105 1480 4179 caput
1502 4108 1550 4161 to-

469 4200 533 4263 tius
555 4197 622 4260 eius
644 4196 841 4277 discipliuae,
878 4195 972 4258 isclle
999 4204 1048 4258 est
1075 4199 1116 4259 ad
1143 4199 1394 4278 existimandum,
1428 4222 1484 4265 cur
1512 4204 1551 4266 ad

469 4303 554 4364 tltam
581 4299 776 4381 potissimum
803 4299 970 4362 omsadam
993 4300 1033 4361 ab
1059 4318 1099 4362 eo
1127 4303 1304 4367 traductum
1326 4307 1378 4381 sit,
1402 4304 1551 4391 quidquid

467 4462 677 4474 *-

442 4536 444 4539 ¹
536 4551 562 4614 i)
580 4553 638 4604 lloc
661 4551 694 4603 ab
719 4570 751 4604 aa
776 4561 831 4606 turs
855 4554 982 4624 temporis
1010 4554 1109 4608 iactam
1133 4572 1206 4618 esse,
1243 4560 1424 4629 compluribus
1447 4569 1551 4614 consui

466 4620 632 4678 tuti-caiis.
