3775 5442
415 688 421 703 ,
470 629 536 693 802
683 628 685 635 '
807 628 893 685 Liber
915 629 1031 689 tertius.
1075 624 1174 684 Sectio
1196 625 1219 687 l.

474 803 573 864 tentia
594 801 798 881 discreparet,
829 799 919 861 Plato
942 797 1117 859 faciendum
1139 796 1268 877 putavit,
1290 802 1325 857 nt
1345 795 1558 858 Eleatlcornnt

473 905 677 986 inprimisque
702 904 894 966 Parmenidis
915 902 1068 963 rationem
1090 903 1294 980 cognosceret
1324 898 1495 963 studiosius
1511 900 1559 976 ¹³),

473 1013 568 1088 atque
588 1009 628 1068 ab
650 1025 688 1068 eo
711 1006 783 1068 inde
805 1013 962 1085 tempore,
1000 1022 1041 1064 ne
1062 1004 1101 1064 ab
1123 1000 1265 1063 liristlcls
1289 1000 1467 1063 confutatus
1490 1021 1561 1064 esse

473 1109 649 1183 videretur,
678 1110 717 1171 de
746 1108 956 1172 fundamentis
979 1106 1139 1168 doctrinae
1161 1122 1235 1166 snae
1263 1104 1383 1165 firmius
1412 1105 1560 1168 iaciendis

473 1217 568 1293 atque
589 1212 831 1274 corroborandis
859 1211 998 1291 cogitare
1027 1209 1141 1288 coepit.
1191 1208 1236 1270 Ac
1256 1208 1325 1268 lieri
1348 1226 1424 1269 sane
1443 1216 1560 1289 potest,

469 1321 510 1378 ut
529 1316 586 1378 illo
607 1320 750 1395 ternpore
772 1315 812 1375 ab
832 1313 965 1398 Euclide
993 1311 1122 1391 citusque
1143 1311 1359 1385 familiaribus,
1391 1313 1463 1390 qnia
1483 1331 1561 1374 non-

474 1420 549 1483 dum
575 1421 608 1481 in
636 1417 807 1480 dialecticis
834 1423 903 1478 erat
932 1415 1008 1476 satis
1037 1415 1241 1488 exercitatus,
1275 1414 1307 1474 io
1335 1415 1493 1493 angustias
1520 1416 1563 1479 alt

474 1523 631 1595 redactus,
654 1539 803 1601 quorsum
824 1519 963 1581 fortasse
985 1525 1107 1597 spectat
1127 1517 1217 1590 illud,
1240 1516 1324 1595 quod
1346 1518 1379 1578 in
1401 1518 1560 1579 Parmeni-

475 1626 524 1690 dia
545 1624 697 1706 principio
719 1621 865 1684 Socrates
895 1622 967 1683 talis
989 1621 1160 1692 inducitur,
1192 1626 1228 1681 ut
1255 1619 1381 1681 iuvenili
1407 1616 1562 1683 modestia

475 1747 512 1790 sc
531 1727 682 1789 facilitate
701 1723 829 1786 Eleatae
860 1724 1179 1805 acerrime-pugnanti
1200 1742 1258 1803 per
1278 1723 1381 1784 omnia
1402 1723 1561 1793 concedat,

461 1831 594 1895 'Verum
620 1830 662 1892 de
688 1828 747 1888 bac
774 1847 810 1890 re
838 1829 977 1888 dicemus
1005 1833 1131 1906 postea:
1165 1844 1246 1888 nilne
1273 1826 1447 1887 inchoatam
1477 1826 1561 1888 lrsvat

474 1931 622 2014 persequi
643 1931 860 1992 narrationem.
914 1931 1022 2009 ltaque
1042 1929 1247 2010 philosophus
1270 1949 1364 2010 quum
1386 1929 1560 2010 Megarico·

475 2055 545 2097 rum
572 2033 819 2094 dubitationibus
847 2033 1048 2093 vehementer
1075 2038 1247 2094 commotus
1276 2032 1456 2112 discipliane
1484 2052 1561 2096 soac

339 2207 346 2223 ,
475 2137 628 2200 rationem
657 2135 801 2196 subtilius
828 2136 983 2214 explicare
1016 2137 1195 2214 certiusque
1229 2137 1420 2197 constituere
1451 2136 1560 2198 decre-

476 2241 581 2314 visset,
603 2237 771 2316 longinqua
791 2237 845 2298 illa
866 2258 903 2300 ac
917 2239 1072 2314 diuturna,
1096 2234 1175 2318 qnae
1191 2244 1264 2316 post
1281 2240 1427 2319 suscepit,
1448 2238 1561 2302 itinera

477 2345 545 2408 eius
567 2340 727 2404 consilinm
751 2360 814 2403 non
835 2342 1080 2423 impediverunt,
1103 2341 1159 2403 aed
1182 2341 1294 2401 mirum
1318 2350 1464 2420 quantum
1487 2361 1560 2405 con-

476 2448 650 2510 firmarunt.
703 2442 750 2505 lie
777 2463 838 2523 qus
858 2463 895 2505 re
925 2444 1069 2507 nolumus
1097 2444 1213 2519 iterare
1240 2463 1319 2523 qnae
1346 2444 1491 2526 l'roicgg.
1520 2446 1561 2506 ad

476 2550 597 2613 Platon.
620 2547 715 2627 Oper.
736 2547 774 2611 T.
795 2548 818 2611 l.
845 2568 877 2628 p.
900 2546 985 2609 XVll
1007 2580 1049 2593 —
1070 2548 1167 2611 xxii.
1199 2546 1411 2612 disseruimus.
1455 2551 1560 2628 Quum

477 2653 560 2716 enim
580 2651 774 2732 pervenisset
793 2652 825 2712 in
846 2651 965 2714 ltaliam
985 2649 1178 2728 inferiorem,
1201 2651 1335 2713 amicitia
1355 2669 1424 2713 cnm
1443 2651 1558 2732 Pytha-

476 2754 582 2838 gorcia
603 2755 707 2815 lunda
723 2740 950 2816 'recentiorem
973 2771 1048 2815 asne
1068 2753 1161 2818 buius
1183 2749 1320 2816 familiae
1341 2754 1481 2817 notitiam
1505 2755 1559 2816 ad-

478 2863 570 2940 eptus
592 2864 651 2933 est,
673 2877 763 2938 quam
784 2858 816 2919 in
837 2860 905 2937 ipsa
926 2857 1056 2919 Graecia
1078 2858 1207 2940 adipisci
1229 2859 1258 2919 el
1279 2859 1429 2925 licuisset.
1481 2858 1558 2921 Nam

477 2961 599 3024 etiamsi
618 2964 679 3023 ism
701 2968 773 3023 ante
794 2961 931 3024 Socratis
953 2967 1086 3022 mortem
1108 2961 1264 3024 Simmiam
1295 2969 1389 3041 atqne
1410 2961 1559 3024 Cebetem

477 3064 597 3126 Thebis
626 3070 852 3125 commorantes
879 3064 1047 3138 audiverit,
1084 3067 1186 3124 tamen
1215 3084 1364 3145 nusquam
1391 3067 1560 3128 memoriae

477 3166 634 3247 proditum
656 3165 799 3244 legimns,
821 3183 891 3225 enm
913 3165 962 3227 bis
985 3168 1114 3227 multum
1137 3167 1299 3230 debuisse:
1333 3170 1395 3231 imo
1423 3187 1461 3230 ea
1481 3169 1558 3248 ipsis

478 3269 546 3331 dus
568 3265 716 3345 operibus
737 3266 947 3327 verisimiliter
969 3268 1124 3344 coniicias,
1147 3288 1217 3332 eum
1240 3279 1350 3352 postes
1374 3272 1496 3334 demum
1519 3273 1560 3333 ad

477 3369 699 3432 accuratiorem
721 3369 955 3451 plenioremque
976 3369 1157 3451 disciplinae
1172 3374 1395 3456 Pythagoricae
1417 3375 1559 3437 notitiam

478 3473 666 3555 pervenisse.
731 3475 797 3536 lliol
826 3483 929 3535 autem
965 3490 1026 3534 non
1055 3481 1177 3554 potest,
1211 3486 1357 3558 qnantum
1389 3497 1426 3541 es
1456 3499 1493 3541 re
1518 3480 1559 3544 ad

478 3577 649 3639 doctrinam
677 3596 763 3638 auam
792 3576 1011 3657 perficiendam
1038 3585 1131 3658 atque
1159 3581 1413 3644 conformandam
1434 3583 1559 3646 adiutus

477 3682 529 3745 sit.
570 3681 647 3743 Nam
669 3681 807 3742 veritatis
829 3682 946 3742 semina
968 3702 1061 3760 quum
1084 3684 1114 3743 in
1133 3684 1399 3763 Pythagoreorum
1423 3686 1558 3748 decretis

476 3784 610 3868 plurima
628 3781 749 3843 rideret
770 3782 896 3856 inclusa,
918 3782 1071 3847 fecundus
1093 3786 1190 3865 ipsius
1213 3788 1331 3850 animus
1353 3794 1503 3867 protenus
1522 3807 1560 3848 ea

477 3890 523 3951 sic
550 3886 672 3968 excepit
696 3891 789 3964 atquc
816 3885 912 3961 fovit,
943 3893 980 3948 ut
1005 3906 1068 3962 non
1093 3896 1223 3968 possent
1253 3910 1314 3951 non
1343 3890 1464 3954 fructus
1485 3893 1559 3953 inde

476 3989 642 4071 provenire
674 4006 805 4070 prorsus
839 3989 952 4051 eximii.
1018 3992 1168 4070 Quoniam
1203 4001 1305 4055 autem
1341 3993 1482 4057 doctrina
1518 3997 1559 4057 de

476 4094 625 4158 acisatiae
651 4097 760 4154 natura
786 4098 879 4172 atque
907 4093 988 4154 ideis
1016 4095 1112 4156 veluti
1134 4115 1187 4157 ara
1208 4103 1257 4158 est
1279 4102 1372 4175 atque
1394 4105 1487 4176 capnt
1508 4109 1557 4160 to-

475 4199 539 4260 tius
562 4197 628 4258 clus
650 4196 848 4275 disciplinae,
884 4195 979 4258 facilc
1006 4203 1054 4259 est
1082 4199 1122 4260 ad
1150 4199 1401 4276 existimandum,
1435 4219 1491 4262 cur
1519 4203 1559 4263 ad

475 4302 560 4364 illam
588 4299 783 4381 potissimum
809 4300 976 4362 ornandam
999 4301 1038 4363 ab
1066 4319 1105 4364 eo
1134 4302 1310 4366 traductum
1332 4305 1385 4379 ait,
1408 4303 1559 4387 quidquid

542 4553 568 4615 *l
586 4552 644 4603 lloc
667 4549 701 4601 ab
726 4569 757 4603 es
782 4560 837 4604 toas
862 4554 988 4622 temporis
1016 4554 1115 4606 iscium
1139 4571 1212 4617 esse,
1249 4558 1431 4627 compluribus
1453 4568 1559 4612 coastat

405 4638 413 4659 ⁰
473 4621 639 4676 iutincaiis.
