3775 5442
679 732 690 749 .,
723 680 769 737 ΙΝ
790 679 1127 762 ΡΛΙλΜΕΝΙΜΜ.
1400 689 1462 751 531

376 845 479 916 τίδικίας
498 854 631 928 κρείττων.
677 848 748 906 οὕτω
769 854 860 910 τοίνυν
881 855 928 911 καὶ
950 851 965 911 ό
988 850 1169 932 Παρμενίδης,
1192 855 1237 914 όίτε
1252 853 1282 936 ¹)
1308 857 1465 919 δυνατοῖτα-

375 974 421 1020 τος
429 948 465 1029 ῐ)
489 947 542 1022 οῖν,
571 953 618 1010 καὶ
649 950 697 1010 τόν
725 955 863 1025 ἐλαχίστην
891 954 987 1025 ίγοντα
1008 955 1057 1030 τήν
1077 957 1275 1031 ἐπιτηδειότητα
1296 958 1351 1017 τοῖν
1373 967 1464 1021 στ’λλε·

374 1057 475 1128 γίντοιν
504 1051 637 1128 οῖφίλησε·
679 1057 756 1128 δηλοῖ
775 1056 804 1113 δί
824 1053 873 1127 τίην
894 1051 1064 1135 οἷμοδρότητα
1086 1062 1132 1132 τῆς
1153 1058 1362 1134 ἐπιτηδειότητος
1382 1062 1415 1120 τό
1436 1087 1465 1122 τε

373 1154 508 1217 νεοῖτατον
529 1154 612 1216 αὐτόν
632 1161 763 1236 λέγεσθαι
783 1159 838 1217 τοῖν
858 1159 1014 1237 παρόντων,
1037 1161 1054 1220 ό
1075 1168 1145 1221 ἐστιν
1165 1159 1275 1230 οἶτελοτῖς
1297 1164 1374 1234 ίξτως
1395 1164 1465 1242 σύμ·

375 1261 474 1333 βολον,
504 1261 551 1318 καί
578 1261 610 1319 τό
639 1267 820 1341 προςκεῖσθαι
848 1260 945 1343 τοῖςί)
977 1261 1102 1344 αύτού,’)
1133 1262 1232 1340 λόγοις.
1276 1265 1319 1325 ότι
1348 1266 1381 1341 δη
1409 1267 1465 1326 τοῖν

374 1361 519 1438 τριάκοντα
540 1367 650 1440 γέγονεν
669 1365 782 1443 ὕστερον
803 1359 848 1432 εἷς,
869 1365 940 1426 ὅθεν
960 1370 1007 1425 καί
1027 1365 1101 1441 ἡμεῖς
1122 1365 1230 1433 εἰκότως
1250 1368 1319 1447 πρός
1339 1369 1388 1437 τοῖς
1408 1391 1465 1444 ιμυ-

374 1465 470 1541 γάςί)
498 1462 710 1550 λαμβάνομενθ)
741 1462 896 1541 άναλογίαν,
919 1469 952 1527 αἲ
971 1471 1018 1528 καί
1038 1469 1203 1528 ίνθσυσιοῖσι
1223 1473 1288 1530 ποτί
1315 1474 1363 1530 καί
1385 1471 1466 1540 ζοῖσιν

375 1564 449 1641 ὅμοιῖ
470 1575 527 1635 τοῖς
547 1561 686 1644 οῖγγίλοις,
709 1569 795 1645 οῖςπερ
817 1567 849 1640 δή
871 1569 918 1625 καί
939 1558 1018 1636 οὗτος
1040 1570 1097 1645 ἅμα
1116 1573 1154 1647 τηῖ
1175 1570 1342 1650 Πυθσδοῖρφ
1363 1576 1461 1631 πεποί-

376 1691 439 1741 ηται
459 1671 508 1743 τὴν
529 1673 645 1738 εἴςοδον,
680 1666 864 1731 άποπίπτουσι
884 1673 914 1729 δι’
935 1670 981 1743 τοῖς
1002 1670 1139 1748 δυνάμεως
1159 1656 1270 1748 ταύτης·
1300 1671 1317 1732 ὅ
1338 1678 1386 1748 μὲν
1406 1672 1509 1751 γύρ98

375 1770 554 1849 Πυθόδωρος
577 1775 679 1847 ἐμμένει
699 1779 755 1840 τοῖς
776 1773 882 1840 οἰκείοις
906 1768 1025 1846 ἤθεσιν,
1055 1775 1118 1842 οῖςτε
1146 1778 1193 1836 καί
1215 1771 1304 1842 ἄλλοις
1324 1774 1467 1851 μεταδιδό·
1543 1796 1548 1802 ·

377 1896 423 1930 ναι
446 1874 491 1946 τῆς
513 1877 655 1942 συνουσίας
662 1919 670 1945 ,
700 1874 785 1953 οῖςπερ
807 1875 839 1948 δὴ
862 1857 909 1933 καί
929 1875 960 1934 τό
983 1875 1037 1934 τοῖν
1058 1873 1182 1953 ἀγγέλων
1208 1881 1286 1956 γένος
1307 1876 1373 1937 ὅλον
1394 1873 1466 1954 α’γα-

376 1977 487 2042 θοειδὲς
507 1973 549 2034 οἷεί
570 1980 701 2053 διαμένει,
723 1977 842 2055 πληροῦν
863 1980 911 2036 καί
931 1978 966 2036 τά
988 1977 1098 2059 δεύτερα
1119 1981 1167 2054 τῆς
1188 1980 1241 2039 τοῖν
1261 1983 1347 2039 θείων
1368 2002 1467 2056 μετου-

377 2082 454 2144 σίας·
483 2077 499 2136 ό
521 2081 550 2137 δι’
574 2077 751 2158 Ἀριστοτέλης
778 2078 839 2140 άντί
866 2080 1020 2157 φιλοσόφου
1050 2087 1152 2159 γίνεται
1179 2079 1316 2161 τύραννος.
1360 2083 1390 2140 αἱ
1410 2081 1465 2159 γάρ

377 2181 448 2240 κατά
470 2184 572 2254 σχίσιν,
603 2184 650 2240 καί
677 2183 713 2260 μὴ
740 2178 803 2243 κατ’
832 2178 942 2253 σύσίαν,
973 2185 1084 2255 ἔχουσαι
1111 2183 1161 2258 την
1174 2183 1205 2263 ⁷)
1234 2184 1361 2258 τοιαύτην
1390 2181 1467 2258 ζωήν,

378 2279 539 2356 ἆφίστανταί
558 2309 623 2345 ποτε
643 2285 690 2359 τῆς
710 2283 808 2352 τάξεως
829 2283 941 2359 ταύτης,
973 2269 1079 2353 είςτόν
1099 2286 1146 2358 τῆς
1171 2289 1297 2364 γενέσεως
1319 2285 1467 2364 φερόμεναι

378 2383 480 2445 τόπον·
508 2385 525 2460 ἦ
547 2388 601 2465 γάρ
629 2390 755 2465 τυραννίς
782 2386 920 2463 σύμβολον
948 2393 1125 2464 παρείληπται
1146 2388 1193 2461 τῆς
1213 2395 1241 2448 ἐν
1260 2393 1361 2466 γενέσει
1384 2388 1465 2460 ζωῆς·

380 2489 448 2564 αὕτη
468 2490 599 2568 γάρύπό
621 2489 669 2547 τόν
690 2490 736 2561 τῆς
757 2486 875 2561 ἀνάγκης
895 2491 999 2562 γίνεται
1020 2488 1140 2566 θρόνον,
1172 2488 1225 2547 ὑπό
1248 2492 1295 2563 τῆς
1320 2488 1467 2566 ίμπαθοτῖς

378 2589 496 2670 ἇγομένη
518 2595 565 2650 καί
586 2589 703 2648 ἇστάτου
726 2591 773 2647 καί
793 2589 961 2662 πλημμελοεῖς
983 2584 1106 2666 όρίξεως·
1130 2592 1188 2649 ἐπεὶ
1208 2593 1255 2650 καί
1279 2588 1345 2650 αύτό
1361 2591 1392 2649 τό
1405 2590 1469 2655 τούς

378 2694 524 2773 τριάκοντα
545 2691 690 2769 τυράννους
712 2689 844 2768 κρατῆσαι
864 2688 918 2746 τοῖν
942 2686 1068 2762 Ἀθηνοῖν
1088 2693 1204 2769 ἔμφασιν
1225 2693 1277 2763 ἔχει
1298 2692 1352 2765 τῆς
1366 2703 1469 2767 Γιγαν-

377 2803 453 2858 τείου
476 2799 523 2855 καί
544 2794 674 2870 γηγενοῦς
697 2792 777 2866 ζωῆς,
812 2789 962 2869 κρατούσης
983 2792 1036 2850 τοῖν
1062 2790 1234 2865 ’Λθηναῒκοῖν
1254 2793 1302 2849 καί
1319 2788 1470 2867 Ὀλυμπίων

377 2897 520 2975 ἀγαθοῖν·
543 2895 558 2954 ό
581 2895 635 2972 γὰρ
656 2889 740 2962 όντως
759 2894 920 2970 Γιγαντικός
941 2892 1057 2972 πόλεμος
1079 2901 1108 2955 ἐν
1128 2901 1186 2962 ταῖς
1209 2898 1309 2970 ψυχαῖς
1329 2897 1399 2950 ίστι·
1423 2890 1471 2949 καί

378 3002 449 3061 όταν
469 3006 520 3076 μὲν
540 2998 636 3074 ἡγῆται
658 2997 740 3076 λόγος
761 3004 789 3055 ἐν
810 2995 905 3066 αύταῖς
933 2999 980 3057 καί
1006 2999 1084 3067 νοεῖς,
1114 2998 1148 3057 τά
1167 2995 1299 3073 Ὀλύμπια
1321 2996 1368 3054 καί
1381 2989 1412 3074 8)
1435 2995 1469 3051 τά

380 3088 428 3176 τῆς
447 3098 566 3174 Ἀθηνᾶς
588 3108 685 3180 κρατεῖ,
708 3103 755 3160 καὶ
775 3100 791 3175 ἦ
811 3100 940 3177 σύμπασα
964 3101 1015 3176 ζωὴ
1037 3100 1162 3179 βασιλική
1183 3125 1222 3168 τις
1243 3105 1298 3159 ἐστι
1320 3100 1367 3157 καί
1388 3093 1470 3171 φιλύ·

382 3225 482 3280 σοφος·
513 3203 578 3263 όταν
600 3206 628 3262 δι’
649 3204 682 3261 τά
703 3203 811 3276 πλήθη,
841 3203 859 3278 ἢ
880 3203 948 3271 ὅλως
969 3204 1003 3262 τά
1022 3210 1104 3282 χείρω
1127 3205 1175 3262 καί
1196 3202 1295 3280 γηγενῆ
1308 3198 1355 3281 ⁹),
1384 3202 1472 3258 δυνα·’

382 3305 461 3385 στεύη
478 3308 545 3384 ¹⁰),
568 3305 627 3364 τότε
648 3310 769 3383 τυραννίς
790 3311 869 3366 ἐστιν.
911 3308 934 3366 εί
956 3311 1045 3364 τοίνυν
1066 3305 1163 3365 τούτων
1185 3306 1230 3363 ἕνα
1251 3303 1306 3361 τοῖν
1326 3300 1469 3380 τριάκοντα

382 3410 521 3488 τυράννων
542 3406 609 3468 εἶναι
630 3412 697 3481 φησί
708 3413 716 3445 ¹
729 3407 770 3482 ¹),
794 3415 894 3482 φυγαῖς
917 3415 987 3466 ἐστιν
1009 3404 1158 3484 ἇνάλογον,
1180 3405 1212 3464 αἳ
1231 3404 1279 3462 νύν
1299 3408 1347 3480 μίν
1368 3409 1471 3462 ἐνθου-

384 3514 477 3583 στοῖσι,
506 3514 555 3571 νύν
584 3514 612 3571 δὲ
640 3513 686 3568 καί
717 3506 798 3567 αὗταί
827 3514 947 3584 γίνονται
975 3510 1028 3566 τοῖν
1056 3507 1193 3587 γηγενοῖν,
1222 3507 1270 3564 καί
1297 3505 1345 3579 τὴν
1365 3493 1516 3591 ίαυτοῖν99

385 3616 457 3691 ζαῆν
476 3612 658 3676 ὑποτάττουσι
686 3620 741 3680 τοῖς
762 3610 932 3689 πικροτάτοις
954 3609 1108 3689 τυράννοις,
1144 3617 1200 3677 τοῖς
1227 3607 1362 3677 πάθεσιν,
1392 3602 1474 3664 αὗταί

383 3720 489 3778 ἑαυτόν
509 3716 665 3795 γιγνόμεναι
685 3716 826 3795 τύραννοι·
857 3715 910 3788 καί,
932 3719 997 3783 λ’σως
1025 3717 1115 3788 δηλοίη
1138 3712 1171 3772 όίν
1199 3714 1246 3772 καὶ
1268 3712 1312 3770 διά
1333 3705 1472 3768 τούτωνό

456 4035 484 4100 l)
502 4036 533 4086 B.
554 4054 606 4087 om.
626 4037 681 4088 ι’ίτε.
718 4064 752 4074 -·
786 4033 815 4101 9)
839 4036 870 4085 Β.
894 4037 1031 4095 νεότατος.
1072 4062 1100 4073 ·-
1139 4032 1168 4098 5)
1191 4034 1221 4081 Α·
1243 4029 1272 4081 C·
1294 4030 1325 4080 D·
1344 4030 1475 4098 τθῖςΜῼῖ

385 4119 484 4174 αὐτοῦ.
519 4149 555 4160 ·-
587 4122 667 4187 M.
687 4122 792 4172 ἑαυτοῦ.
830 4150 863 4159 -
897 4119 926 4186 ίῖ)
945 4124 977 4172 Β.
1000 4120 1029 4168 C.
1049 4118 1082 4167 D.
1101 4110 1302 4184 εμυχάςαύτοῦ.
1334 4115 1401 4164 Num
1419 4129 1476 4181 ψυ·

383 4207 437 4272 χὰς
455 4203 501 4257 ἀπ’
521 4204 682 4259 αύτσῦίὸτ.
719 4236 752 4244 -
787 4203 818 4268 G)
836 4205 866 4253 Β.
888 4204 916 4253 C.
937 4205 970 4252 D.
990 4200 1234 4272 παραλαμβάνομεν.
1255 4227 1288 4238 -
1321 4199 1401 4268 7)Β.
1422 4213 1474 4248 om.

386 4292 446 4357 τὴν.
484 4319 516 4332 -
550 4290 580 4359 8)
605 4292 634 4342 C.
660 4292 727 4343 κατὰ
751 4294 806 4357 τῆς.
843 4317 878 4338 -τ
912 4288 942 4355 9)
969 4288 998 4338 C.
1019 4289 1052 4338 1).
1079 4286 1113 4337 τὰ
1128 4292 1229 4356 χεῖρον,
1251 4281 1287 4334 τά
1303 4281 1406 4350 γηγενῆ.
1442 4305 1477 4318 -·

387 4374 439 4438 10)
459 4374 488 4425 C.
507 4378 539 4426 1).
562 4377 716 4448 δυναστεύῃ,
735 4379 778 4427 καί
795 4378 820 4426 ίν
838 4372 932 4435 αύταῖς
952 4377 1068 4426 πολιτεία
1076 4412 1083 4434 ,
1103 4370 1172 4423 τότε.
1212 4396 1243 4412 ι·
1278 4363 1475 4432 11)B.c.1>.

388 4465 455 4530 φησί
460 4499 467 4523 ,
487 4461 585 4515 ταυτὸν
603 4463 635 4513 ιίν
652 4466 803 4530 ἓγιφαίνοιτο
823 4459 870 4524 (C.
891 4462 923 4510 D.
943 4460 1076 4529 φαίνοιτο)
1100 4461 1180 4525 λέγειν
1198 4455 1235 4520 τῷ
1253 4451 1309 4504 ὄντι
1325 4449 1359 4510 οῖς
1377 4449 1409 4502 τίν
1425 4449 1479 4500 ἴλι-

388 4566 447 4613 γεν,
467 4545 501 4605 ὥς
518 4547 560 4611 (C.
582 4549 612 4596 D.
634 4565 684 4597 om.
708 4545 740 4604 οῖς
758 4547 790 4597 ιίν
809 4548 902 4609 ἔλεγεν,
921 4541 969 4611 ὡς)
988 4550 1094 4611 ψυχαῖς.
1123 4541 1256 4592 Germana
1274 4537 1380 4587 videtur
1395 4532 1478 4584 lectio

390 4632 497 4682 codicis
520 4632 550 4681 Β,
572 4631 612 4681 St.
1458 4630 1461 4638 ¹

1202 4710 1271 4774 ³4*
