3775 5442
461 652 524 718 212
780 649 1006 737 Liberqprimna.
1049 648 1149 711 Sectio
1171 651 1226 716 xi.

461 829 604 909 pomtur.
647 825 689 887 lit
709 823 770 886 hoc
791 821 916 904 quidem
938 821 1082 902 quonlam
1102 823 1136 884 ln
1158 821 1369 904 superioribua
1388 822 1430 885 ie
1447 824 1543 887 renuo

460 930 639 1011 corporela,
660 927 775 1007 quippe
795 925 834 987 alt
855 923 935 987 lien
956 925 1088 987 multum
1111 925 1256 1002 divertio,
1278 933 1329 989 eat
1349 933 1542 1007 usurpatum,

459 1035 553 1100 tuelle
573 1030 723 1113 qulapinm
743 1028 776 1089 in
797 1047 866 1091 eam
886 1028 1050 1090 debeatur
1070 1028 1263 1108 opinionem,
1286 1029 1417 1093 utillud
1435 1030 1542 1093 exnu-

461 1145 526 1203 mat
545 1153 626 1198 nunc
647 1132 759 1194 eodem
781 1131 876 1194 modo
899 1150 971 1194 eece
991 1132 1183 1212 capiendum.
1227 1133 1346 1213 Verum
1367 1133 1542 1195 enimvero

460 1242 520 1304 lata
548 1236 673 1319 quidem
701 1233 847 1315 opinione
874 1235 953 1297 nihil
981 1240 1089 1315 potest
1109 1254 1181 1298 caae
1201 1235 1375 1312 infelicius,
1403 1236 1543 1315 cumdo-

459 1342 587 1425 quinem
607 1340 669 1401 lroc
688 1339 716 1401 oi
737 1337 902 1413 atntueria,
924 1344 957 1399 et
976 1338 1149 1401 nniveraum
1161 1341 1314 1403 aermonlc
1327 1345 1542 1419 argumentum

460 1446 590 1509 mirilico
618 1442 833 1525 perturbabit,
868 1446 901 1503 et
929 1441 1004 1521 quid
1030 1440 1172 1521 munita
1200 1442 1469 1506 concluoiunculae
1490 1461 1542 1503 aa·

460 1551 561 1624 leont,
595 1546 713 1609 iruatra
738 1544 895 1608 laborabit
923 1544 1085 1619 extricare.
1134 1543 1285 1607 Nimirum
1307 1546 1437 1626 ainpuiic
1463 1546 1542 1607 iocia

460 1650 627 1715 Meuium
649 1655 715 1724 eet,
748 1648 825 1728 quii
847 1647 1010 1711 unireraae
1036 1650 1225 1727 quneetionlo
1246 1649 1326 1712 ratlo
1348 1658 1441 1730 atque
1463 1649 1541 1711 ordo

460 1754 589 1834 flagitet.
641 1751 732 1831 Quod
762 1751 790 1813 ci
816 1750 868 1813 hle
896 1751 1028 1826 feceris,
1060 1751 1116 1813 ubi
1137 1750 1178 1812 ‹le
1199 1752 1378 1815 notionibus
1399 1752 1540 1832 negando

461 1856 597 1920 delinitio
619 1855 739 1935 agitur,
768 1854 914 1915 continuo
936 1853 1108 1933 intelliges,
1130 1859 1235 1915 cetera
1254 1856 1315 1917 iata
1334 1855 1430 1917 etiam
1447 1857 1543 1935 accipi

388 1951 393 1963 ’
460 1979 555 2042 ponae
582 1958 623 2020 cle
650 1956 829 2019 notionibus
858 1956 1013 2017 uectium
1042 1955 1107 2017 cive
1133 1956 1288 2035 poeitiria,
1321 1958 1437 2038 quippe
1464 1977 1544 2038 quae

460 2063 500 2124 ait
521 2062 621 2123 altero
643 2059 698 2120 llio
720 2065 968 2138 generantum
993 2078 1051 2122 aua
1076 2058 1217 2121 &versae
1237 2060 1320 2136 aiut,
1353 2062 1428 2124 licet
1447 2062 1481 2125 id
1502 2062 1542 2123 nd

460 2167 542 2247 ipae
570 2164 645 2225 item
672 2160 838 2223 referatur.
886 2161 932 2223 Ac
959 2163 1104 2243 proiecto
1132 2160 1174 2221 de
1199 2161 1249 2223 hie
1276 2161 1368 2226 unice
1395 2170 1542 2245 oportere

460 2266 591 2347 cogitari
613 2265 772 2344 complura
793 2270 866 2325 aunt
886 2274 1067 2346 argumento
1090 2265 1203 2346 quibua
1224 2264 1404 2346 plenissima
1423 2268 1543 2331 emnec-

461 2379 522 2435 tnr.
572 2369 648 2432 Nom
677 2367 812 2449 primum
839 2367 965 2447 quidem
992 2367 1070 2429 nihil
1096 2367 1157 2428 nial
1189 2367 1332 2431 idearum
1363 2372 1543 2452 negantium

460 2475 595 2555 lpearum
617 2476 758 2533 naturam
780 2475 813 2533 et
833 2471 986 2533 rationem
1007 2471 1069 2532 hcc
1089 2471 1159 2533 loco
1172 2471 1338 2549 111ιιι1ηιὶ,
1360 2491 1421 2538 non
1434 2474 1542 2536 habito

460 2577 500 2640 ad
522 2594 573 2638 rea
594 2572 737 2638 aeualbun
757 2572 912 2637 aublmtu
930 2563 1096 2654 respectu,
1125 2576 1175 2637 vel
1195 2576 1270 2640 imie
1291 2578 1365 2639 licet
1383 2577 1542 2658 colligere,

460 2679 546 2760 quod
572 2695 603 2758 p.
626 2676 698 2739 llio.
719 2676 756 2739 1).
783 2676 824 2738 de
852 2695 913 2738 una
934 2671 1096 2766 ἐπιστήμῃ
1116 2679 1234 2740 mentio
1256 2680 1406 2757 inlicitur,
1436 2681 1542 2762 opinio

460 2792 555 2864 atque
581 2799 727 2844 moenum
753 2780 914 2861 perceptio
935 2798 999 2842 non
1030 2787 1298 2846 commemoretur.
1342 2784 1434 2863 Quod
1456 2790 1543 2847 certe

460 2906 523 2953 non
552 2886 596 2949 ite
627 2885 736 2958 fieret,
769 2883 798 2946 oi
822 2875 864 2947 τὰ
886 2876 976 2945 ἄλλα
997 2902 1078 2946 nunc
1100 2891 1205 2948 cenent
1231 2905 1284 2949 ree
1304 2887 1542 2969 adapectabllea,

459 2992 493 3053 in
514 2989 625 3070 quibua
647 2987 825 3065 negandum
845 2987 985 3051 idearum
1006 2988 1104 3049 veluti
1130 2990 1249 3069 speclea
1271 3008 1438 3071 expreoane
1459 2998 1543 3052 exta-

460 3099 540 3159 rent
588 3092 623 3152 ln
651 3089 864 3167 superioribus
893 3090 1018 3168 quidem
1048 3096 1136 3153 certe
1162 3110 1192 3171 p.
1213 3092 1405 3157 lte-15&
1432 3094 1542 3155 unitati

460 3195 566 3257 finitae
602 3190 733 3251 vidimus
767 3198 891 3269 praeter
923 3191 1085 3255 sueonum
1119 3192 1210 3255 etiem
1243 3197 1421 3278 opinionem
1448 3203 1542 3277 atque

460 3312 608 3357 amanum
639 3292 869 3371 perceptionem
902 3292 1049 3370 attribui,
1082 3305 1265 3377 propterea,
1301 3300 1385 3380 quoi
1417 3307 1543 3381 praeter

461 3396 560 3478 1μ1ιιι
581 3397 614 3458 in
635 3411 670 3458 ac
691 3400 849 3475 epectatce
869 3401 1011 3473 naturam
1033 3398 1126 3461 etium
1147 3401 1323 3466 coniunctio
1344 3406 1411 3467 ciue
1433 3423 1468 3467 nc
1488 3422 1543 3466 ne-

459 3499 619 3562 ceaaltudo
647 3517 717 3561 cum
746 3500 839 3561 rebus
867 3499 925 3561 sub
955 3516 1064 3564 cemus
1086 3502 1268 3567 cadentibus
1290 3513 1359 3569 erat
1379 3507 1543 3570 illustrata.

458 3602 583 3667 Deinde
602 3620 642 3665 ne
664 3621 743 3681 opua
764 3602 889 3682 quidem
911 3602 990 3679 iuit,
1012 3612 1049 3668 ut
1069 3625 1150 3668 nunc
1170 3609 1311 3671 idearum
1325 3613 1468 3691 negando
1483 3612 1544 3673 cir·

462 3705 716 3787 cumamlptarum
738 3724 807 3767 cum
829 3708 923 3769 rebuc
945 3707 1207 3788 adspectnbillbua
1227 3714 1426 3776 necessitudo
1439 3719 1545 3775 oeten-

461 3809 608 3873 dereture
638 3807 702 3870 imo
724 3808 929 3890 philoaoplrua
950 3812 1192 3890 prudenticoimo
1219 3815 1349 3879 coneilio
1372 3815 1432 3877 noc
1452 3834 1544 3896 argu-

461 3919 598 3974 mentum
618 3912 845 3993 praetermisit,
867 3931 907 3973 ne
926 3914 1067 3992 quaerel
1080 3915 1202 3991 exiliis,
1225 3916 1543 3999 numphin—155.

462 4015 625 4094 leguntur,
645 4017 695 4080 vei
717 4035 756 4079 cx
775 4032 814 4076 eo
836 4016 923 4090 loco,
954 4017 1007 4095 qui
1028 4023 1078 4080 eat
1099 4019 1140 4080 de
1160 4037 1267 4083 rerum
1287 4020 1544 4101 anspecnbilium

463 4136 533 4181 cum
560 4117 621 4180 iato
648 4121 788 4184 idearum
814 4136 930 4201 genere
963 4121 1178 4183 coniunctione
1204 4142 1234 4202 p.
1256 4123 1376 4187 loen.
1389 4143 1456 4203 sqq.
1488 4143 1546 4186 ona

462 4227 576 4302 opunte
603 4229 804 4303 apparerent,
841 4222 974 4284 moleste
994 4230 1088 4303 atque
1108 4225 1285 4305 importune
1305 4226 1478 4289 inculcatae
1498 4227 1545 4289 vi-

463 4324 600 4387 deretur.
650 4325 747 4404 Quum
776 4325 985 4387 neceesarium
1013 4333 1117 4389 numm
1137 4326 1253 4404 luerit,
1282 4330 1452 4393 muntem
1475 4350 1546 4393 cum

461 4425 543 4491 liele
564 4427 717 4489 cientibus
738 4443 848 4487 nexum
870 4433 903 4486 et
924 4428 1152 4493 cohaerentiam
1180 4431 1332 4495 hocloco
1354 4433 1544 4514 pnteiccere,

463 4544 553 4587 nemo
575 4535 661 4590 certe
692 4530 768 4604 erit,
804 4528 877 4606 quin
901 4530 949 4590 vel
971 4532 1121 4595 mediocri
1142 4534 1237 4609 enimi
1257 4537 1431 4601 attentione
1451 4535 1544 4598 intei-

463 4628 548 4708 ligct.
590 4632 741 4695 ltlnrlrum
766 4650 806 4693 ne
834 4640 959 4712 poteret
985 4635 1110 4716 quidem
1136 4635 1226 4703 ideae
1253 4641 1439 4721 negantibus
1458 4640 1544 4703 notio
